1871 3204
742 147 805 156 —
879 124 971 171 142
1048 148 1108 159 -

202 264 242 308 Is
273 268 389 308 enimv
408 265 582 319 linguam
611 276 633 305 a
664 263 884 319 Protagora
914 270 1059 306 everso
1093 264 1259 319 vulgari·
1281 256 1440 306 di‘cendi
1470 273 1543 308 usu
1570 263 1665 308 'mu-

205 344 324 380 tatam
359 339 484 379 fuisse
516 337 571 376 ait
600 342 641 376 et
670 338 900 391 unicuique
931 335 1057 380 verbo
1088 338 1128 380 id
1158 349 1289 391 genus
1320 342 1440 390 atque
1470 350 1557 379 eam
1577 337 1665 392 ter-

204 408 460 451 minationem
493 406 625 454 datam
643 439 655 460 ,
698 405 800 462 quae
828 409 904 462 ipSi
941 408 1185 463 placuisset:
1226 413 1269 451 ut
1297 408 1466 463 exempli
1496 419 1619 451 causa
1646 407 1667 451 ὅ

201 480 357 534 πήληξ,
389 478 410 520 ὃ
439 481 585 533 μῆνις,
616 480 640 534 ἦ
669 479 941 540 καρᾷόπη,’ἧ
978 480 1252 534 α’λεκτρύαινα
1278 494 1323 522 re
1351 494 1447 522 vera
1476 483 1666 536 scripsis-

200 557 275 593 set.
333 552 422 592 Vid.
470 564 563 607 pag.
601 554 704 594 142:
727 566 730 568 ’
753 554 860 605 „Aus
900 553 1035 594 dieser
1075 553 1284 595 Annahme
1329 554 1512 594 entstand
1552 553 1664 594 Seine

201 618 642 680 Spi‘achveranderung
674 626 714 667 in
735 623 881 681 Bezug
910 627 982 668 auf
1007 627 1078 669 das
1110 626 1349 669 Gesclilecht
1367 659 1378 679 ,
1408 627 1473 667 bei
1499 626 1571 668 der
1599 626 1665 668 ich

199 698 276 737 mir
317 697 474 738 sreilich
513 698 624 738 nicht
661 685 880 738 rorstellen
914 699 1050 750 kann,
1086 693 1242 740 welche
1264 696 1463 740 .Grenzen
1484 688 1555 739 'sie
1576 696 1671 756 gea

199 771 297 811 habt
324 771 475 811 haben·
515 775 659 825 mag“,
706 772 828 824 idque
879 772 1067 825 probavit
1107 773 1422 828 Lerschiopag.
1455 773 1519 813 ΩΟ.
1590 773 1667 813 At·-

199 844 277 896 que
325 842 508 900 profecto
552 843 716 883 nonnisi
754 844 821 896 qui
862 843 967 883 adeo
1011 848 1163 884 temere
1206 849 1383 886 veterum
1425 844 1527 885 locis
1570 856 1666 885 usus

201 914 323 955 fuerit
374 920 494 967 atque
541 905 787 967 Herbstius,
819 908 871 955 de
920 915 1167 968 Protagorae
1214 917 1355 958 studiis
1388 918 1662 971 'grammaticis

197 988 318 1028 talem
350 987 498 1028 'tulerit
526 989 788 1047 sententiam:
836 988 943 1039 „Nur
979 973 1104 1028 durcli
1142 988 1208 1028 die
1244 989 1455 1029 Annahme
1490 989 1562 1030 des
1592 1001 1663 1029 er—

196 1066 287 1102 sten
329 1061 638 1102 aufkeimenden
669 1061 1115 1114 Sprachbewusstseins
1154 1049 1252 1102 lasst
1290 1062 1376 1102 sich
1416 1063 1489 1102 das
1521 1062 1663 1112 auffal-

195 1133 291 1174 lend
322 1133 511 1175 Absurde
556 1133 598 1174 in
637 1134 710 1174 der
748 1134 1111 1187 Protagoreischen
1153 1134 1398 1175 Grammatik
1440 1127 1662 1175 erklaren'ss

194 1208 291 1259 Sed,
321 1213 364 1248 ut
398 1207 618 1258 Herbstius,
647 1207 793 1248 frustra
823 1208 1133 1258 laboraverunt,
1163 1208 1389 1260 quicunque
1415 1208 1663 1261 Protagorae

197 1281 254 1321 de·
277 1280 420 1331 studiis
450 1280 724 1339 grammaticis
766 1280 990 1320 immortale
1030 1280 1213 1320 meritum
1252 1272 1485 1320 calumnniis
1527 1277 1664 1320 detre4

196 1358 307 1394 ctare
342 1354 478 1393 conati
509 1357 611 1393 sunt.
671 1350 878 1394 Nam'nos
912 1353 1030 1405 etiam
1072 1365 1178 1393 nunc
1206 1354 1347 1405 eadem
1378 1352 1463 1393 fere
1495 1353 1664 1404 ratione,

194 1437 419 1478 quanquam
450 1430 490 1464 et
517 1421 644 1464 multo·
671 1425 907 1476 amplificata
941 1419 982 1464 et
1014 1425 1130 1464 aliam
1150 1430 1380 1476 sequentes
1412 1426 1515 1464 viam
1545 1429 1663 1477 atque

199 1500 409 1540 consilium
431 1531 443 1551 ,
487 1499 634 1538 utimur
665 1502 705 1538 et
732 1499 773 1539 in
801 1483 980 1538 veterum
1012 1496 1256 1554 Scriptorum·
1280 1498 1390 1538 libris
1420 1498 1665 1551 explicandis

196 1576 237 1611 et
269 1572 309 1610 in
341 1571 502 1625 linguae
531 1569 887 1628 alicuius'legibus
913 1570 1220 1609 constituendis.

772 1690 978 1724 CAPUT
1005 1691 1057 1722 V.

311 1780 394 1820 Iam
425 1779 476 1820 ad
507 1779 612 1820 illam
631 1771 892 1831 accedimus,
923 1792 999 1833 qua
1023 1780 1267 1832 Protagorae
1290 1779 1450 1819 *virtutis
1479 1778 1665 1831 politicae

195 1865 287 1906 pars
302 1853 408 1893 haud
424 1855 572 1906 exigua
590 1852 885 1903 continebatur,
901 1852 1049 1893 dicen
1062 1852 1109 1892 di
1129 1851 1265 1892 facul
1279 1855 1436 1891 tatem.
1470 1851 1555 1899 Qua
1573 1852 1664 1904 qui-

194 1926 284 1966 dem
315 1938 404 1967 cum
433 1936 510 1965 nos
540 1919 675 1979 magni
705 1925 899 1974 faciamus
929 1926 962 1965 si
997 1925 1084 1978 quis
1126 1924 1273 1965 bonam
1305 1935 1466 1964 causam
1497 1935 1657 1976 semper

197 1999 446 2051 superiorem
479 1998 642 2038 el'ficere
670 1999 819 2050 possit,
866 1998 1112 2050 Protagorae
1141 2008 1207 2036 ars
1237 1996 1359 2049 longe
1389 1998 1517 2036 maior
1548 2000 1659 2037 erat:

198 2072 233 2112 is
263 2072 369 2111 enim
414 2070 730 2128 qualemcunque
774 2081 935 2111 causam
976 2070 1224 2124 superiorem
1266 2068 1375 2110 fecit.
1432 2068 1518 2108 Hoc
1557 2068 1661 2108 enim

197 2150 258 2187 est
299 2145 407 2198 quod
452 2145 712 2197 Prolagoram
755 2143 827 2185 τὸν
871 2135 981 2198 ἥττω
1021 2142 1141 2197 λόγον
1178 2144 1353 2195 κρείττω
1396 2142 1665 2195 πεποιηκέναι

197 2222 358 2260 veteres
387 2218 608 2272 scriptores
642 2218 764 2259 aiunt.
800 2217 911 2266 Quae
927 2215 1198 2271 persuadendi
1217 2226 1296 2265 ars,
1323 2225 1411 2256 cum
1439 2213 1489 2255 ad
1520 2225 1662 2267 quam-
1698 2213 1700 2215 ’

202 2292 265 2330 vis
292 2292 379 2331 fere
421 2303 507 2331 rem
538 2290 589 2330 de
621 2295 698 2343 qua
730 2290 999 2342 disputaretur
1030 2290 1203 2330 maximo
1245 2299 1333 2326 cum
1368 2297 1443 2326 usu
1482 2285 1663 2325 adhiberi

200 2355 368 2417 posset,
410 2364 617 2417 plurimum
658 2366 792 2404 tamen
833 2362 873 2403 in
913 2362 1046 2403 litibus
1085 2359 1315 2402 forensibus
1357 2355 1542 2409 valebat,
1584 2369 1660 2411 qua

168 2440 171 2444 ⁴
201 2441 315 2475 suam
344 2437 509 2487 quisque
539 2436 683 2475 malam
722 2446 884 2474 causam
898 2422 1062 2473 ,bonam
1101 2432 1293 2472 redderet
1334 2431 1384 2469 de
1412 2430 1511 2469 mala
1540 2417 1666 2480 causa⁴

198 2512 253 2551 ita
284 2509 513 2560 disserens,
548 2513 591 2550 ut
619 2509 724 2550 bona
755 2521 847 2549 esse
876 2508 1075 2549 iudicibus
1106 2505 1311 2547 videretur
1337 2504 1500 2558 ipseque
1530 2492 1666 2545 victo?-

197 2583 405 2624 evaderet.
440 2581 530 2622 Vid.
561 2583 682 2622 Arist.
713 2582 826 2622 Rhet.
857 2582 923 2621 lib.
955 2581 1001 2621 11.
1033 2592 1119 2632 cap.
1139 2579 1204 2619 24.
1236 2578 1389 2617 tom.ll.
1419 2588 1510 2631 pag.
1539 2576 1658 2617 1402.

198 2657 346 2698 Bekk.':
366 2656 461 2697 Kal
477 2651 525 2695 τὸ·
547 2652 618 2694 τὸν
635 2650 741 2707 ἥττω
759 2656 804 2696 δὲ
821 2651 941 2707 λόγον
956 2652 1130 2706 κρείττω
1145 2655 1279 2691 ποιεῖν
1297 2652 1406 2692 τοῦτ’
1428 2651 1553 2691 ἐστίν·
1591 2649 1665 2690 καί

196 2715 394 2770 §ursas-ev
423 2727 600 2772 δικαίως
630 2725 928 2778 ἐδυσχέραινον
958 2722 997 2764 οῖ
1029 2718 1248 2775 ἄνθρωποι
1281 2720 1326 2762 τὸ
1363 2719 1661 2774 Πρωταγόρου

199 2800 451 2854 ἐπάγγελμα.
513 2797 763 2841 Gell.·Noct.
796 2789 874 2838 Att.
905 2797 973 2838 lib.
1005 2796 1050 2837 V.
1087 2806 1172 2847 cap.
1204 2794 1252 2853 3:
1302 2794 1361 2847 „Is
1399 2798 1530 2834 tamen
1562 2791 1664 2850 Pro-

197 2856 385 2927 tagoras,
413 2857 642 2913 insincerus
670 2869 828 2923 quidem
856 2857 1144 2922 philosophus,
1170 2867 1242 2908 sed
1274 2867 1493 2908 acerrimus
1523 2864 1664 2918 sophi-
