1871 3204
778 97 1112 165 ‚493-

217 238 355 295 eedit-‹„
390 248 530 289 natura
559 256 646 285 cum
678 257 700 286 a
730 245 886 288 ratione
925 243 1126 298 pendeat,
1146 254 1239 298 .qua
1281 242 1346 286 illa
1391 243 1432 285 in
1473 241 1675 286 bominum

215 327 360 370 sensus
389 320 624 366 moveatur,
659 317 841 359 ¹omnium
872 327 1004 366 rerum
1044 316 1292 358 sensibilium
1322 312 1439 370 λόγοι
1465 315 1675 366 (Grande)

213 392 258 432 in
288 391 386 445 ipsis
426 391 547 433 rebus
590 392 803 444 corporeis,
829 371 947 444 positi
977 395 1080 431 sunt.
1135 391 1278 432 Sextus
1321 390 1427 431 enim
1459 385 1565 444 ὅλης
1596 400 1677 431 no-

216 465 326 507 m'me
352 476 420 506 res
448 476 669 517 corporeas
699 462 1019 516 comprehendit,
1046 467 1089 503 ut
1114 463 1258 503 eodem
1287 463 1417 516 capite
1435 462 1568 517 paullo
1597 474 1678 505 an-

217 542 306 578 tea:
338 538 475 591 Φησίν
502 530 578 575 οὖν
609 532 629 575 ὅ
661 534 782 587 α’νήρ,
812 529 1023 588 τὴνὸλην
1055 531 1238 588 ῥευστὴν
1265 530 1385 587 εἶναι,
1419 533 1597 590 ῥεούσης
1627 535 1677 577 δὲ

216 605 350 662 αὕτῆς
378 609 565 660 συνεχῶς
594 607 846 661 προσθέσεις
865 599 963 648 -οἷντί
992 606 1077 647 τῶν
1108 603 1417 660 α’ποφορήσεων
1440 607 1673 662 γίγνεσθαι.

212 679 363 729 Quibus
385 679 447 720 ¹<de
476 677 628 720 verbis.
650 688 767 730 quam
800 676 1010 719 Wendtius
1039 678 1164 718 movit
1197 676 1389 719 dubitatio
1428 679 1480 719 ad
1509 679 1673 720 Tenue-

215 750 350 792 mauni
377 750 523 792 Histor.
553 743 823 802 philos-tom.
852 747 881 790 1.
909 734 1000 802 pag.
1030 749 1127 800 502,
1158 749 1276 807 rffll
1305 750 1549 804 Protagoras
1579 762 1678 791 ver-

214 822 375 864 mieden
410 822 554 863 'haben
598 820 768 872 warde,
803 832 897 862 ·von
945 822 1058 862 einer
1104 817 1183 876 ὅλη
1207 812 1286 862 Α313
1331 822 1577 874 Seieudem‚
1622 835 1675 865 zu

203 889 376 935 'Grande
402 893 648 947 Liegendem
679 905 729 934 zu
756 893 1007 947 spreehen“-‚
1045 893 1177 947 aliqua
1215 905 1268 934 ex
1294 898 1407 947 parte
1437 899 1499 935 est
1536 896 1673 937 nimia.

202 960 305 1021 Ὕλη
333 977 415 1008 vox
445 965 654 1019 quideme
675 966 786 1008 Sexti
812 966 947 1019 potius
975 978 1091 1020 quam
1120 978 1144 1005 e
1173 966 1421 1019 Protagorae
1461 977 1538 1006 usu
1567 966 1673 1008 dicta

212 1049 306 1079 esse
333 1038 501 1079 videtur.
544 1037 625 1080 Sed
651 1038 746 1079 nihil
777 1043 838 1079 est
867 1051 939 1079 cur
957 1038 1169 1079 Wendtius
1184 1037 1402 1088 Sciendeaem
1431 1050 1483 1077 zu
1512 1024 1676 1080 Grande

212 1108 448 1164 Lieqendem
483 1114 595 1155 tanta
619 1122 707 1151 cum
748 1111 787 1151 vi
817 1109 986 1161 efferat,
1029 1121 1133 1162 quae
1174 1110 1287 1149 notio
1326 1109 1367 1148 in
1398 1109 1508 1149 Sexti
1539 1111 1675 1152 verbis

211 1195 294 1224 non
324 1184 440 1224 inest.
495 1184 594 1225 Nam
623 1182 646 1236 ἦ
677 1180 758 1235 ὅλη
785 1180 940 1236 (favoni
969 1182 1084 1222 ἐστιν
1114 1180 1212 1221 nihil
1241 1185 1305 1222 est
1328 1182 1402 1222 nisi
1435 1180 1460 1236 ἡ
1491 1177 1569 1236 ῧλη
1599 1180 1676 1238 ῥεῖ’,

213 1256 254 1297 id
284 1255 391 1310 quod
420 1267 508 1297 cum
549 1255 797 1307 Protagorae
836 1252 984 1307 placito
1029 1251 1126 1293 nihil
1169 1264 1262 1293 esse
1300 1253 1374 1294 sed
1413 1253 1499 1295 lieri
1540 1255 1675 1297 omnia

209 1333 458 1383 nequaquam
489 1333 651 1381 pugnat.
708 1328 807 1369 Eam
847 1326 973 1378 ipsam
1002 1327 1109 1366 enim
1139 1326 1192 1367 ob
1222 1338 1408 1379 causam,
1440 1328 1549 1381 quod
1588 1325 1674 1383 ὅλη

210 1412 370 1455 semper
394 1401 490 1442 fluat
518 1404 638 1453 atque
667 1402 852 1451 mutetur,
883 1409 965 1439 non
994 1409 1088 1439 esse
1115 1410 1204 1440 eam
1235 1398 1346 1441 dicit.

869 1502 919 1569 §-
951 1521 991 1561 8.

295 1616 566 1683 Quaecunque
587 1630 718 1671 adhuc
734 1632 1002 1684 exposuimus,
1023 1631 1263 1685 Protagoras
1285 1631 1392 1672 dicto
1411 1632 1478 1674 illo
1492 1634 1668 1673 omnium

206 1702 456 1742 nobilissimo
485 1703 623 1754 paucis
650 1703 785 1742 verbis
815 1703 1128 1755 comprehendit.
1166 1704 1378 1752 ·Quam'vis
1409 1707 1513 1745 enim
1543 1705 1666 1746 variis

208 1774 358 1815 fluendi
386 1773 525 1814 formis
557 1785 697 1815 omnes
725 1774 820 1815 fiant
856 1786 923 1815 res
961 1776 1197 1827 sensibiles,
1240 1777 1493 1830 omniumque
1533 1789 1668 1818 rerum

206 1847 385 1888 rationes
421 1847 462 1887 in
502 1846 587 1899 ipsa
616 1847 779 1886 materia
813 1847 965 1899 positas
995 1859 1089 1887 esse
1122 1860 1211 1888 cum
1240 1849 1362 1889 Sexto
1394 1849 1567 1890 sortasse
1600 1850 1665 1889 di-

207 1931 306 1961 cere
328 1920 553 1972 possimus:
592 1916 761 1970 tamem·
785 1920 971 1971 quoniam
1003 1919 1041 1959 id
1074 1923 1221 1960 tantum
1254 1924 1342 1971 est,
1373 1921 1481 1973 quod
1510 1920 1662 1962 bomini

206 1991 326 2032 alicui
356 2003 448 2032 esse
475 1991 671 2041 videatur,
699 1991 830 2030 omnia
860 1991 909 2030 ab
937 1990 1162 2031 hominibus
1191 1991 1370 2043 pendere
1401 1997 1580 2045 apparet,
1611 1993 1663 2033 ad

202 2075 357 2117 eosque
389 2075 548 2117 semper
574 2073 668 2104 esse
691 2062 918 2104 referenda.
957 2062 1002 2103 ld
1032 2066 1108 2115 est,
1139 2063 1245 2117 quod
1263 2056 1506 2119 Protagoras
1535 2066 1665 2119 aptis-

201 2135 303 2179 sinte
335 2141 376 2177 et
404 2136 726 2177 commodissime
758 2136 813 2176 ita
842 2135 1067 2188 expressit:

338 2241 406 2283 XI.
464 2238 646 2283 Πάντων
681 2238 911 2294 χρημάτων
956 2241 1112 2293 μέτρον
1152 2232 1408 2295 ἅνθρωπος,
1460 2243 1544 2285 τῶν
1585 2244 1665 2296 μὲν

201 2308 333 2358 ὄντων
350 2312 419 2364 ’ὥς
448 2310 549 2369 ἔστι,
577 2312 660 2355 τῶν
691 2312 738 2354 δὲ
765 2310 839 2353 οὐκ
868 2304 995 2356 ὅντων
1022 2310 1092 2363 ὥς,
1111 2313 1187 2353 οὐκ
1215 2310 1344 2355 ἔστιν.

201 2409 313 2457 Quae
341 2409 427 2462 ipsa
455 2420 548 2449 esse
578 2407 778 2461 sophistae
807 2407 931 2448 verba
961 2412 1140 2449 veterum
1183 2408 1286 2449 locis
1329 2410 1560 2462 planissime
1590 2423 1665 2465 ap-

196 2481 324 2534 paret.
381 2479 470 2522 vid.
498 2480 594 2523 Plat.
626 2480 787 2522 Theaet.
815 2490 906 2533 pag.
941 2480 1032 2521 152.
1060 2480 1120 2521 A:
1154 2480 1243 2522 ΞΩ·
1271 2479 1422 2524 -Ὃν
1449 2479 1565 2537 ἔλεγε
1593 2483 1666 2524 καὶ

199 2549 510 2607 Πρωταγόρας.
567 2552 721 2608 τρόπον
755 2551 801 2593 δέ
838 2565 932 2593 τινα
971 2546 1099 2594 ἄλλον
1126 2552 1266 2608 εἴρηκε
1294 2551 1343 2596 td
1379 2553 1487 2597 αὐτὰ
1515 2556 1662 2599 ταῦτα.

201 2625 310 2680 φησί
348 2622 429 2679 γάρ
470 2640 549 2666 που
592 2623 759 2667 πάντων
796 2622 1030 2678 χρημάτων
1071 2626 1226 2677 μέτρον
1267 2620 1492 2681 ἄνθρωπον
1530 2621 1662 2676 εἶναι,

199 2686 396 2750 ταῖνμὲν
436 2690 570 2746 ὄντων,
604 2694 662 2747 ὥς
698 2694 812 2748 ἔστι,
850 2696 931 2737 τῶν
967 2696 1016 2737 δὲ
1049 2695 1110 2751 μὴ
1150 2692 1283 2740 ὄντων
1323 2697 1381 2747 ὥς
1419 2697 1495 2738 οιῖκ
1535 2693 1665 2739 ἔστιν.

200 2769 447 2824 ἀνέγνωκας-
465 2766 546 2823 γάρ
579 2784 686 2822 που;
731 2770 886 2813 ΘΕΑΙ.
935 2768 1167 2823 Ἀνὲγνωκα
1206 2772 1277 2812 καὶ
1305 2766 1513 2817 πολλάκις.
1568 2769 1665 2824 Pag.

204 2841 296 2884 160.
322 2839 510 2885 092}thss
555 2842 731 2886 Ὀυκοῦν
767 2837 833 2885 ὅτε
874 2841 925 2896 δὴ
956 2838 1001 2883 τὸ
1030 2843 1107 2896 ἐμὲ
1145 2843 1295 2884 ποιοῦν
1331 2842 1430 2894 ἐμοί
1464 2842 1554 2883 ἐστι
1597 2841 1672 2885 καὶ
