1871 3204
738 105 1098 152 -161—

188 231 466 277 mortemull-a-
486 242 538 272 ex
569 236 684 285 parte
715 232 967 273 deminutam.
1012 232 1147 273 Cuius
1178 233 1282 273 enim
1314 242 1380 273 ars
1414 230 1534 272 meris
1566 236 1644 271 nu—

188 306 275 359 gis,
308 305 531 358 dialecticis⁴
552 306 808 360 praestigiis,
836 305 1020 348 inani-bus
1052 306 1308 360 sophismatis
1336 305 1586 356 continetur,
1613 305 1646 346 is

190 379 318 430 primo
346 379 511 431 quidemr
534 384 852 432 tempore—,quo
881 370 1078 420 exercere
1104 379 1208 419 illam
1237 381 1407 432 incipit„
1440 378 1648 420 auditores

190 450 331 492 fallere
358 456 517 504 potest,
555 444 632 491 nec
661 462 759 492 vero
798 462 870 504 per
907 451 1173 504 quadraginta
1214 463 1366 492 annos:
1411 463 1501 492 nam
1533 453 1647 491 tanto

191 523 383 574 temporis
412 523 544 574 spatio.
572 522 649 562 iam
688 523 840 563 fructus
874 524 970 562 artis
997 522 1168 563 *alicuius
1202 527 1330 564 utrum
1360 525 1455 564 boni
1483 525 1562 564 sint
1594 534 1646 563 an

179 593 288 651 *li-
308 597 512 646 apparent.
570 592 811 646 Protagoras
838 596 984 644 autem·
1002 604 1091 634 cum
1121 593 1285 646 primum
1308 593 1473 635 Athenis
1504 606 1649 635 versa-

194 669 317 716 retur,
343 665 455 705 brevi
482 669 661 718 tempore
690 664 755 704 vel
783 664 886 717 apud
914 665 1106 705 Periclem
1136 670 1282 705 tantum
1313 666 1483 717 valebat,
1512 672 1553 706 ut
1582 667 1649 718 qui

194 738 456 780 Thurinorum
496 737 681 779 coloniae
720 738 834 792 leges
865 737 1061 779 scriberet
1100 737 1245 792 dignus
1282 737 1506 780 haberetur.
1563 739 1649 779 Ex-

194 811 344 851 cellens
375 812 493 865 igitur
520 811 593 850 viri
616 812 826 863 ,ingenium
853 815 972 862 atque
1012 802 1145 851 rerum
1174 811 1428 863 publicarum
1468 813 1647 864 peritiam

192 883 368 924 Pericles
394 888 679 935 perspexerat,
723 884 835 923 cuius
865 868 1064 934 artissima
1092 895 1251 936 semper
1280 883 1384 923 illum
1413 895 1524 924 usum
1555 896 1648 925 esse

195 955 484 1004 consuetudine
515 967 567 995 ex
599 955 696 996 Plut.
729 955 891 996 Consol.
910 955 973 999 vad
1000 955 1131 1008 Apoll.
1151 967 1251 1008 cap.
1283 954 1462 995 XXXIll.
1494 960 1535 996 et
1564 957 1650 997 Per.

198 1040 282 1081 cap.
299 1028 475 1069 XXXVI.
493 1029 592 1079 (vid.
608 1041 699 1082 pag.
714 1028 782 1069 66.
795 1033 836 1069 et
852 1029 941 1078 67.)
958 1041 1077 1081 supra
1091 1028 1406 1069 demonstratum
1423 1033 1496 1069 est.
1517 1027 1558 1069 ln
1577 1028 1654 1069 lta·

196 1101 250 1142 lia
268 1112 426 1154 quoque
443 1105 482 1141 et
496 1101 631 1142 Sicilia
650 1101 818 1142 eximias
835 1100 1041 1161 doctrinae
1057 1100 1197 1141 laudes
1217 1100 1385 1158 adeptus
1411 1100 1544 1153 (Hipp.
1560 1100 1653 1142 Mai.

196 1186 287 1227 pag.
322 1174 415 1214 282.
437 1173 501 1213 D:
537 1170 808 1227 Ἀφικόμενος
841 1174 887 1214 δέ
916 1187 1015 1214 ποτε
1044 1173 1104 1221 εἷς
1134 1174 1329 1214 Σικελίαν
1360 1170 1653 1227 Πρωταγόρου

197 1244 347 1287 αὐτόθι
362 1246 662 1299 ἐπιδημοῦντος
681 1233 752 1285 noli
770 1244 1089 1298 εὖδοκιμοῦντος
1103 1249 1143 1286 et
1157 1258 1194 1299 q.
1213 1252 1349 1299 seqq.)
1378 1245 1557 1287 Athenas
1584 1256 1656 1285 re·-

198 1318 313 1371 petiit
340 1329 524 1370 magnum
544 1317 827 1369 discipulorum
856 1329 1064 1357 numerum
1090 1329 1226 1358 secum
1260 1319 1427 1369 ducens,
1459 1330 1481 1357 a
1513 1319 1656 1370 quibus

198 1403 348 1431 summa
381 1390 652 1431 cumulabatur
682 1391 902 1442 sapientiae
931 1390 1078 1442 gloria.
1112 1390 1205 1431 Plat.
1235 1391 1341 1431 Prot.
1370 1403 1460 1445 pag.
1483 1390 1576 1431 309.
1597 1391 1653 1431 D:

195 1459 433 1519 Σοφωτάτῳ
460 1464 537 1513 μὲν
566 1453 641 1502 οὖν
670 1458 874 1516 (ἐντυχών
899 1460 1095 1517 πάρειμι)
1122 1462 1255 1515 δήπου
1289 1464 1371 1503 τῶν
1400 1477 1446 1515 γε
1474 1464 1560 1502 νῦν·
1618 1461 1662 1504 εἴ

196 1549 265 1575 σοι
294 1535 413 1574 δοκεῖ
434 1532 679 1587 σοφώτατος
707 1527 815 1573 εἶναι
843 1531 1155 1586 Πρωταγόρας.
1215 1535 1305 1588 Pag.
1335 1535 1430 1585 310⁸.
1464 1534 1520 1575 E:
1556 1536 1658 1576 'Az-

195 1604 247 1647 λοὶ
279 1603 384 1660 γάρ,
422 1599 457 1645 ui
484 1602 730 1658 Σώκρατες,
761 1603 909 1654 πάντες
935 1602 1007 1644 τὸν
1038 1599 1172 1656 ἄνδρα
1203 1603 1420 1647 ἐπαινοῦσι
1434 1598 1524 1647 μκκαί
1549 1621 1659 1660 φασι

194 1675 438 1732 σοφώτατον
458 1672 565 1717 εἶναι
581 1672 726 1728 λέγειν.
759 1676 851 1729 Pag.
873 1676 969 1718 315.
985 1677 1020 1717 A
1035 1672 1063 1716 Β
1081 1682 1121 1717 et
1139 1679 1284 1729 passim
1301 1690 1374 1731 per
1399 1679 1504 1720 hunc
1521 1678 1658 1726 lido-

196 1762 301 1805 gum.
359 1749 462 1790 Men.
492 1761 584 1803 pag.
616 1748 680 1790 91.
710 1749 770 1790 D:
803 1744 911 1790 Οἶδα
940 1747 1020 1803 γὰρ
1051 1744 1186 1804 ἄνδρα
1216 1751 1315 1803 ἕνα,
1345 1750 1655 1805 Πρωταγόραν,

197 1821 328 1863 πλείω
343 1819 542 1874 χρήματα
559 1819 814 1875 κτησάμενον
845 1815 927 1861 «ind
961 1819 1119 1876 ταύτης
1150 1823 1221 1876 τῆς
1250 1823 1406 1878 σοφίας
1435 1818 1656 1876 ἢΦειδιάν

199 1909 257 1946 τε,
287 1891 332 1943 ὃς
362 1889 472 1935 οὕτω
502 1893 745 1948 περιφανῶς
778 1890 882 1934 καλοὶ
899 1891 1002 1946 ἔργα
1023 1892 1251 1947 εἰργάζετο,
1282 1895 1355 1935 καί
1383 1890 1534 1942 ἄλλους
1554 1895 1654 1935 δέκα

194 1968 275 2008 τῶν
293 1967 661 2019 ἀνδριαντοποιῶν).
682 1990 738 1998 -
757 1961 874 2017 οἶμαι
893 1964 975 2018 γὰρ
1007 1964 1140 2006 αὐτὸν
1170 1966 1399 2006 ἀποθανεῖν
1428 1965 1552 2019 ἐγγύς
1580 1969 1654 2007 καί

196 2026 477 2092 ἑβδομήκοντ’ἳι
491 2035 562 2093 ἔτη
578 2037 785 2091 γεγονότα,
798 2036 1098 2091 τετταράκοντα
1115 2038 1161 2079 δὲ
1178 2038 1221 2079 ἐν
1233 2039 1283 2094 τῇ
1297 2038 1419 2093 τέχνῃ
1439 2032 1554 2079 ὄντα·
1582 2038 1655 2078 καί

194 2114 237 2151 ἐν
258 2107 409 2150 ἅπαντι
427 2113 481 2166 τῷ
497 2109 635 2167 χρόνῳ
651 2109 781 2167 τούτῳ
799 2108 861 2151 ἔτι
883 2111 943 2157 εἰς
962 2108 1035 2164 τὴν
1052 2109 1212 2164 ἡμέραν
1225 2110 1398 2163 ταυτηνί
1415 2109 1651 2163 εὔὸοκιμῶν

193 2182 317 2224 οὐδὲν
350 2182 573 2222 πέπαυται.
627 2181 729 2230 'Quis
758 2180 977 2223 vero‘eius
1008 2181 1238 2222 doctrinam⁴
1262 2194 1428 2233 vanam,
1471 2183 1647 2234 inanem,

198 2255 373 2296 inutilem
406 2255 529 2295 fuisse
561 2259 682 2306 putet,
714 2256 825 2295 cuius
855 2255 1020 2296 scholae
1047 2267 1118 2307 per
1146 2254 1409 2309 quadraginta
1438 2268 1568 2297 annos
1599 2257 1649 2297 ab

195 2327 441 2369 auditoribus
483 2326 755 2367 attentissimis
793 2331 834 2367 et
880 2327 1191 2382 diligentissimis
1232 2327 1463 2369 celebratae
1508 2335 1648 2370 erant:

193 2402 350 2442 scilicet
378 2402 418 2441 id
451 2402 688 2454 contingere
718 2399 822 2440 solet
848 2401 897 2440 iis
926 2400 1138 2455 magistris,
1168 2412 1335 2452 quorum
1352 2402 1646 2456 disciplinarum

192 2474 323 2526 nullus
352 2478 426 2515 est.
444 2486 552 2515 usus,
614 2474 709 2523 Quis
742 2472 953 2524 Periclem,
991 2485 1183 2515 summum
1214 2472 1353 2516 harum
1382 2488 1513 2517 rerum
1542 2476 1648 2517 iudi-

192 2559 311 2597 cem,
345 2559 433 2586 cum
473 2548 633 2587 homine
662 2545 904 2601 inanissastu
936 2558 985 2586 ac
1016 2546 1207 2598 superbia
1235 2547 1372 2589 efflato
1402 2548 1648 2589 familiariter

195 2603 346 2660 vixisse
379 2619 619 2672 multumque
648 2617 835 2670 temporis
857 2617 1036 2670 innugis
1070 2617 1352 2660 abiectissimis
1381 2619 1647 2660 diiudicandis
1714 2649 1718 2652 «

194 2692 468 2733 consumsisse
503 2692 677 2743 credat,
723 2702 810 2731 cum
852 2689 1025 2742 negotiis
1067 2690 1235 2743 publicis
1278 2696 1493 2744 occupatus
1528 2680 1648 2734 esset

188 2765 472 2820 gravissimis?
544 2765 667 2823 1.¹.¹¹¹¹¹⁰
716 2775 796 2806 non
845 2762 1101 2805 dubitandum
1152 2770 1241 2815 est,
1286 2765 1374 2818 quin
1427 2764 1544 2805 fuerit
1594 2778 1640 2806 re

191 2850 288 2881 vera
318 2840 381 2881 vir
410 2837 543 2888 δεινὸς
572 2841 704 2894 λέγειν
722 2871 732 2890 ,
778 2837 942 2891 ingenio
987 2842 1036 2879 et.
1072 2838 1255 2879 doctrina
1283 2839 1452 2890 insignis
1470 2869 1480 2889 ,
1527 2844 1648 2895 atque

1328 2919 1379 2962 11
