1871 3204
733 177 790 186 ...
865 150 1065 198 49...-

175 277 418 333 τελευτῆσαι
449 276 580 321 αὐτὸν
607 278 820 333 βιώσαντα
847 276 920 334 ἔτη
948 276 1053 333 πρὸς
1080 275 1131 318 τὰ
1162 278 1412 333 {reatinam-a.
1454 276 1631 319 Platonis

174 348 281 389 enim
296 351 560 393 testimonium
578 345 681 394 Men.
696 362 787 406 pag.
806 350 874 393 91.
891 351 924 392 E
940 354 992 402 et‚*
1010 350 1075 403 qui
1091 348 1185 391 illud
1198 350 1333 393 verbis
1346 350 1445 393 satis
1461 350 1629 391 incertis

174 425 408 475 conceptum
428 423 709 476 -exscripsisse
736 419 919 473 videtur,
948 420 1185 474 Apollodori
1215 422 1318 474 apud
1345 423 1463 476 Diog.
1493 421 1628 462 Laert.

176 491 270 533 loco
300 493 421 535 modo
450 496 641 546 indicato,
669 507 694 536 a
717 494 860 547 quibus
890 498 1071 535 mortuus
1094 493 1245 535 dicitur
1282 494 1629 549 septuagenarius,

177 566 323 607 ceteris
339 565 511 608 Plato-nis
540 564 654 607 locis·
674 562 918 605 refelluntur.
951 562 1010 604 Illi
1039 564 1145 604 enim
1174 564 1209 605 si
1236 575 1372 604 verum
1401 568 1633 617 narrarent5

119 676 121 678 ,
175 646 281 678 anno
311 638 389 678 iam
419 637 515 677 420.
560 635 739 689 sophista
768 636 850 677 vita
881 635 1091 677 defunctus
1121 640 1259 688 esset,
1292 648 1421 690 neque
1435 639 1519 691 'per
1550 637 1628 678 de-

175 717 262 748 cem
284 707 530 761 olympiades
558 706 771 752 floruisset.
812 705 848 747 A
876 705 1094 761 Protagora
1125 712 1254 748 autem
1270 707 1446 749 Platonis
1475 708 1624 762 dialogi

176 778 481 834 cqgnominisl.
512 778 536 818 1.
577 777 700 829 ipsius
742 789 871 819 annos
915 791 996 819 non
1041 781 1080 819 in
1124 781 1250 820 maius
1290 780 1431 833 augeri
1474 780 1626 821 indicio

174 837 268 897 εᾶπ-
296 851 419 891 verba
448 861 551 903 quae
577 849 846 902 praecedunt·
897 852 1050 893 Καίτοι
1089 850 1218 892 πολλά
1256 865 1302 905 γε
1335 846 1413 904 ἤδη
1444 848 1514 905 ἔτη
1541 850 1630 902 εἰμί

118 940 121 943 ·
174 920 219 961 ἒν
244 921 297 976 τῇ
331 921 485 977 τέχνη·
543 918 615 961 καὶ
647 921 727 975 γὰρ
765 923 837 962 καί
871 920 923 962 τὰ
964 921 1181 973 ξύμπαντα
1220 919 1354 962 πολλοί
1384 921 1466 971 μοι’
1498 922 1630 973 ἐστιν,

173 1004 278 1045 quae
325 1005 408 1054 non
450 992 595 1034 cadunt
628 994 670 1035 in
710 994 1095 1049 quadragenarium:
1140 1005 1219 1034 nec
1260 992 1381 1034 facile
1422 992 1630 1045 quisquam

172 1066 378 1107 tricesimo
410 1067 551 1107 aetatis
580 1078 686 1108 anno
715 1068 796 1109 iam
823 1066 1046 1121 perfecisse
1076 1070 1232 1120 potest,
1260 1076 1365 1118 quae
1392 1068 1486 1105 ante
1514 1076 1633 1117 quam

172 1138 338 1191 primum
384 1138 563 1180 Athenas
605 1141 782 1182 venisset
820 1140 1043 1193 perfecisse
1083 1132 1326 1193 Protagoras
1366 1138 1416 1179 ab
1457 1137 1631 1193 Epicuro

176 1210 343 1264 aliisque
372 1209 574 1252 traditur.“
607 1212 721 1266 (Pag.
756 1213 846 1253 102.
876 1216 916 1252 et
950 1211 1064 1260 103.)

227 1311 229 1313 >
286 1282 427 1327 Paucis
459 1287 608 1324 tantum
635 1283 752 1325 lineis
777 1283 958 1324 Herhstii-
972 1283 1356 1338 argumentationem
1376 1281 1633 1325 adumbravi:

175 1355 339 1407 longum
369 1355 475 1394 enim
522 1359 609 1396 erat
651 1354 784 1396 locum
821 1359 1005 1409 repetere
1043 1356 1253 1409 integrum.
1309 1355 1389 1397 Sed
1418 1355 1525 1408 quod
1556 1355 1635 1396 ali-

176 1428 289 1467 cuius
326 1427 516 1467 momenti
545 1427 595 1468 sit
623 1431 663 1468 et
690 1427 731 1468 in
769 1428 1058 1469 sententiarum
1095 1439 1242 1469 nexum
1285 1426 1494 1479 conferat,
1536 1427 1634 1469 nihil

174 1503 236 1539 est
264 1499 468 1539 omissum.
526 1487 655 1551 Atque
699 1498 749 1540 iis
791 1510 894 1552 quae
935 1500 1013 1540 iam
1051 1500 1273 1563 moniturus
1314 1511 1415 1540 sum¹
1433 1503 1518 1541 tota
1546 1500 1634 1541 eius

172 1571 427 1615 ratiocinatio
456 1572 573 1612 etiam
602 1570 759 1624 planior
790 1572 869 1614 fiet.

284 1644 444 1685 Annum
488 1653 567 1695 quo
606 1642 741 1684 Thurii
784 1642 936 1684 conditi
969 1643 1058 1703 *sint
1096 1641 1222 1683 fuisse
1251 1638 1347 1682 444.
1403 1641 1634 1684 Voemelius

175 1715 441 1768 disputatione
471 1715 522 1755 de
562 1715 639 1755 hac
675 1726 722 1755 re
762 1717 989 1769 conscripta
1033 1716 1331 1756 demonstrare*
1348 1718 1517 1756 conatus
1557 1718 1633 1756 est.

126 1798 129 1801 ·
173 1787 297 1840 quue
328 1787 371 1828 C.
399 1786 459 1827 Fr.
491 1786 716 1828 Hermanno
752 1787 1008 1828 obversatum
1036 1799 1130 1828 esse
1172 1786 1354 1839 videtur,
1394 1797 1483 1827 cum
1508 1785 1575 1827 lib.
1603 1784 1630 1828 Ι.

111 1889 113 1892 ⁴
172 1870 265 1912 pag.
294 1857 389 1899 364.
447 1857 631 1898 Herbstio
664 1869 843 1899 errorem
880 1860 1119 1912 imputaret:
1164 1858 1276 1911 „Und
1304 1857 1492 1907 (Herhst)
1523 1857 1633 1899 zieht

174 1935 293 1982 nun“,
322 1930 461 1984 inquit,
495 1928 571 1983 „40
603 1941 684 1971 von
716 1929 797 1974 443
826 1930 893 1987 ab.
922 1927 1226 1971 welches'Jahr
1255 1939 1313 1980 er,
1341 1927 1530 1983 beilaufig
1557 1939 1629 1969 er-

173 2004 330 2054 innert‚
371 2002 577 2044 ifilschlich
607 2007 701 2043 statt
727 2000 810 2044 444
838 2002 901 2043 fiir
929 2002 995 2043 die
1027 2001 1248 2055 Grfindung
1274 2012 1354 2041 von
1384 1999 1519 2041 Thurii
1547 2012 1626 2042 an-

174 2077 349 2118 nimmt.“
404 2076 485 2119 Sed
512 2088 535 2117 a
565 2075 768 2117 Voemelio
800 2074 879 2117 hoc
917 2087 999 2116 non
1029 2074 1132 2116 adeo
1163 2074 1214 2115 ad
1243 2074 1373 2115 lucem
1403 2076 1489 2114 erat
1525 2084 1625 2127 per·
1658 2085 1667 2088 ‘

172 2149 344 2200 ductum,
373 2153 415 2189 ut
446 2148 679 2189 dubitationi
710 2148 837 2189 nullus
862 2153 973 2189 esset
998 2148 1125 2190 locus.
1182 2148 1305 2189 Immo
1336 2147 1487 2188 rectius
1520 2157 1627 2201 quo-

174 2221 386 2262 dammodo
419 2233 562 2262 annum
591 2222 685 2263 443.
728 2221 935 2273 Herbst-ius
971 2222 1160 2263 statuisse
1188 2221 1358 2261 videtur.
1415 2219 1513 2261 Nam
1542 2218 1626 2261 Lu-

174 2294 343 2334 dovicus
374 2293 592 2335 Schillerus
623 2298 662 2334 et
692 2294 927 2335 Theodorus
956 2294 1169 2336 Muellerus
1208 2292 1544 2347 disputationibus
1576 2292 1628 2334 de

171 2366 436 2407 Thurinorum
475 2367 597 2408 rebus
636 2366 895 2419 conscriptis,
935 2378 1101 2420 quarum
1140 2370 1309 2419 utraque
1339 2366 1380 2406 in
1407 2364 1627 2405 certamine

170 2439 366 2481 litterario
407 2440 552 2481 civium
593 2439 824 2481 academiae
863 2439 1066 2494 Georgiae
1108 2440 1316 2494 Augustae
1358 2449 1465 2480 anuo
1504 2438 1611 2479 1838

169 2511 359 2565 praemiis
388 2516 450 2554 est
479 2517 636 2567 ornata,
668 2514 709 2555 in
738 2512 970 2554 Thuriorum
1003 2510 1221 2566 primordia
1250 2511 1464 2567 diligenter
1492 2511 1626 2566 inqui-

167 2589 304 2625 rentes
334 2590 476 2628 contra
505 2586 750 2629 Voemelium
778 2587 855 2628 hoc
884 2586 1225 2639 demonstrarunt,
1254 2586 1318 2627 bis
1347 2584 1517 2627 colonos
1549 2584 1625 2625 de-

169 2655 316 2698 ductos
348 2669 440 2699 esse
469 2657 664 2710 Thurios,
698 2659 863 2713 primurn
893 2656 1090 2699 archonte
1120 2656 1370 2699 Callimacho·
1391 2667 1498 2698 anno
1530 2654 1624 2704 445,

165 2726 310 2768 iterum
329 2727 532 2769 Praxitele
561 2741 670 2771 anno
699 2730 795 2771 443.
850 2727 937 2769 vid.
969 2727 1153 2770 Schilleri
1184 2739 1278 2782 pag.
1302 2728 1366 2769 11.
1397 2731 1437 2768 et
1464 2737 1500 2780 q.
1522 2736 1623 2780 sqq„

161 2798 340 2842 Muelleri
366 2813 457 2856 pag.
487 2803 529 2844 5.
583 2802 665 2846 Sed
710 2804 798 2846 sive
836 2813 940 2844 anno
972 2801 1069 2844 443.
1112 2802 1202 2845 sive
1241 2800 1337 2842 444.
1381 2800 1623 2852 Protagoras

157 2871 326 2913 Athenis
354 2874 523 2916 Thurios
561 2876 768 2929 profectus
809 2878 884 2928 sit,
925 2874 1071 2916 eodem
1110 2885 1218 2917 anno
1249 2873 1415 2927 primum
1447 2870 1627 2912 Athenas

1340 2951 1368 2994 4
