1871 3204
751 103 1081 149 -‚73-

196 230 263 276 ὅτι
291 230 370 273 όῦκ
396 226 765 283 circumactam,
794 227 836 269 εἰ
855 225 947 267 ’τῶν
973 225 1202 278 ἐλλογίμων
1230 226 1366 278 γένοιο
1391 220 1559 277 arde&
1585 222 1656 265 ἐπὶ

194 303 338 361 σοφίᾳ.
352 312 367 329 ²
397 303 551 353 Quibus
581 314 635 343 ex
667 299 803 342 verbis
830 298 1013 353 quumvis
1040 295 1249 351 sophistae
1261 308 1412 352 magna
1437 296 1501 338 sui
1530 296 1658 338 aesti-

193 376 314 418 matio
341 380 647 428 ceterorumque
689 370 969 425 despicientia.
992 368 1220 422 planissime
1256 369 1489 422 perluceat,
1537 367 1656 409 nimis

193 449 485 502 tameninepta
512 450 623 505 esset
651 435 883 498 arrogantia
901 471 914 493 ‚
940 441 975 482 si
1009 441 1097 494 quis
1125 442 1251 488 virum
1270 440 1547 496 *quadraginta
1578 451 1655 481 sex

193 528 388 561 annorum
426 517 560 558 bonae
600 514 689 568 spei
726 514 911 555 iuvenem
951 510 1113 552 diceret.
1182 512 1312 563 Atque
1357 515 1466 555 circa
1506 524 1655 567 annum

192 592 287 632 435.
319 590 543 640 omnijurc
573 588 848 641 Protagoras,
879 583 1007 638 qualis
1036 582 1193 637 quidem
1224 598 1247 627 a
1275 585 1436 628 Platone
1463 583 1654 641 depingi-

192 667 284 714 tur,
322 674 368 704 se
407 663 485 704 iam
522 657 668 702 multos
699 658 850 700 habere
879 668 1008 700 annos
1052 657 1250 699 affirmare
1278 659 1404 712 potuit
1445 664 1653 716 artemque

175 721 383 775 'inmfffdiu
412 734 668 785 exercuisse:
718 743 864 773 annum
905 732 1009 775 enim
1051 735 1151 773 tunc
1185 731 1269 784 egit
1299 731 1651 785 quadragesimum

192 806 368 858 quintum
383 835 405 855 ‚.
438 808 483 845 et
507 804 687 845 sedecim
714 807 830 844 erant
855 803 1114 857 praeterlapsi
1129 799 1233 854 ‚¹¹‘ex
1271 814 1349 856 quo
1380 807 1504 844 artem
1535 815 1649 844 suam

189 876 296 916 inter
323 875 593 930 Amenienses
631 885 825 915 exercerc
854 874 1070 928 inceperat.
1127 873 1264 926 ltaque
1294 873 1361 914 hic
1392 861 1552 927 quoque
1582 873 1650 915 Ιο-

191 958 264 988 cus
309 946 350 986 in
392 935 572 987 nostram
615 946 945 1003 computationem
989 946 1216 999 aptissime·
1240 944 1440 1000 quadrat:
1494 944 1649 987 Καίτοι

187 1014 322 1059 πολλοὶ
351 1030 398 1072 γε
424 1014 497 1072 ἔτη
526 1011 607 1072 ἤδη
637 1016 727 1070 εἰμι’
751 1018 796 1059 ἐν
822 1019 874 1074 τῇ
903 1019 1028 1074 τέχνῃ
1047 1033 1058 1043 ·
1116 1017 1190 1057 καί
1215 1013 1295 1069 γὰρ
1344 1013 1420 1055 καὶ
1458 1012 1508 1056 τὰ
1545 1014 1650 1067 ξύμ-

183 1104 326 1141 ἱπωπω
357 1088 490 1130 πολλά
521 1091 603 1142 μοι’
625 1087 761 1131 ἐστιν·
818 1085 992 1137 οὗδενὸς
1022 1085 1124 1144 χὸτου
1158 1087 1209 1128 οὔ
1243 1086 1413 1129 πάντων
1446 1083 1500 1128 ἂν
1529 1083 1653 1139 ὗμῶν

187 1162 286 1202 καθ’
316 1159 481 1215 ἡλικίαν
517 1159 654 1215 πατὴρ
696 1148 786 1216 εἶἠν
816 1166 932 1215 (pag.
962 1159 1058 1203 31-7.
1091 1159 1158 1209 C).
1218 1158 1321 1207 Quin
1350 1160 1456 1201 enim
1493 1159 1651 1213 gloria·-

189 1232 347 1273 bundus
376 1244 424 1273 se
453 1234 625 1274 omnium
654 1238 785 1273 aetate
811 1237 965 1284 patrem
1006 1227 1099 1272 esse
1126 1242 1248 1284 posse
1279 1242 1417 1272 coram
1448 1231 1649 1273 auditori-

188 1303 264 1346 bus
291 1305 443 1345 iactare
472 1304 659 1357 religioni
687 1314 771 1344 non
803 1296 974 1355 duxerit,
1004 1302 1078 1344 etsi
1105 1314 1207 1343 unus
1240 1314 1377 1344 corum
1400 1305 1467 1357 qui
1482 1303 1651 1345 aderaut

188 1388 273 1417 non
312 1376 399 1429 plus
440 1376 627 1418 undecim
673 1377 790 1416 annis
832 1377 964 1417 minor
1003 1375 1151 1427 fuerit,
1198 1376 1277 1416 iam
1321 1387 1440 1453 uelum
1484 1376 1649 1419 dubitet.

187 1446 286 1488 Nam
314 1447 382 1503 qui
423 1446 476 1487 ad
505 1445 546 1487 id
583 1457 721 1501 genus
754 1445 992 1488 sententiam
1028 1446 1303 1500 explicandam
1347 1453 1436 1487 cum
1462 1447 1651 1488 Herbstio

186 1519 498 1572 Petet-senioque
528 1524 717 1561 accurate
742 1519 1069 1573 perpendendum
1102 1523 1293 1571 censeat,
1320 1531 1413 1561 num
1453 1519 1649 1561 vicesimo

185 1591 356 1633 demum·
384 1603 490 1634 anno
529 1604 582 1634 an
625 1592 706 1635 iam·
744 1591 902 1635 decimo
942 1596 1082 1646 quarto
1115 1602 1265 1633 uxores
1309 1591 1459 1633 ducere
1501 1592 1650 1634 Graeci

185 1665 295 1705 soliti
325 1666 419 1716 sint,
448 1665 483 1705 is
502 1664 651 1706 ¹mirum
679 1668 866 1716 quantum
894 1665 1047 1718 ineptit.
1094 1664 1207 1713 Quae
1227 1663 1399 1717 denique
1427 1663 1650 1716 secundum

190 1736 402 1789 Epicurum
445 1736 627 1789 aliosque
686 1736 947 1790 Protagoram
1006 1741 1215 1789 antequam
1260 1735 1428 1789 primum
1467 1734 1664 1777 Athenas

188 1809 369 1849 venisset
395 1807 617 1860 perfecisse
646 1807 855 1848 Herbstius
887 1809 962 1860 ait,
982 1809 1182 1862 ,perficere
1209 1808 1405 1861 potuisset
1433 1818 1487 1847 ex
1512 1810 1651 1848 nostra

184 1891 344 1933 quoque
369 1883 587 1932 temporum
615 1878 899 1932 descriptione,
933 1880 968 1920 si
1001 1880 1094 1933 quid
1125 1880 1287 1921 omnino
1314 1880 1358 1920 in
1384 1878 1530 1920 fabulis
1557 1879 1647 1919 istis

183 1950 271 1992 veri
300 1951 464 1991 inesset.

297 2022 415 2065 Circa
446 2034 591 2065 annum
632 2022 877 2078 igitur435.
908 2022 1018 2064 ltalia
1056 2027 1097 2064 et
1134 2023 1300 2075 Sicilia,
1337 2023 1407 2065 ubi
1449 2024 1644 2067 maximas

184 2093 333 2138 laudes
356 2096 523 2150 adeptus
553 2092 667 2148 erat,
713 2095 862 2137 relictis
892 2090 1102 2137 Graeciam
1142 2097 1311 2149 repetiit.
1347 2075 1644 2151 .-Sophistaffi

185 2162 304 2211 more
327 2160 468 2210 onmes
495 2169 596 2210 adiit.
619 2156 739 2210 urbes
767 2167 961 2211 clariores
990 2180 1174 2223 magnam
1205 2168 1645 2223 discipulorummulti-

184 2239 361 2282 tudinem
389 2234 540 2301 secum
557 2231 735 2291 ducens',
762 2251 785 2280 a
813 2240 1187 2301 qniblls..‡‚⁰8?¹,¹teffl
1214 2242 1412 2294 pecuniae
1440 2243 1521 2282 vim
1552 2242 1646 2282 exi-

184 2301 360 2365 gebat.
392 2300 479 2355 Vid.
527 2301 593 2354 lib.
633 2311 696 2353 Ν.
735 2300 820 2366 cap.
858 2312 888 2353 1.
963 2313 1142 2355 Athenis·
1176 2313 1228 2355 ad
1269 2302 1434 2356 Calliam
1459 2311 1648 2356 'devertit

185 2371 645 2426 secundumPlatonem:
675 2383 781 2438 quod
804 2384 844 2441 ¹si
871 2396 954 2425 non
968 2397 1120 2436 verum,
1151 2386 1257 2426 bene
1286 2390 1399 2427 certe
1426 2390 1490 2426 est
1515 2386 1646 2427 fictum

185 2456 238 2496 ob
278 2455 442 2498 Calliam
481 2459 522 2499 in
554 2455 799 2511 philosophis
843 2457 1088 2510 recipiendis
1126 2458 1289 2499 nimium
1328 2462 1369 2500 et
1409 2470 1506 2499 vere
1547 2469 1646 2511 pro-

185 2527 333 2582 d-igum.
394 2528 482 2571 Vid.
513 2530 630 2572 locos
667 2530 733 2571 lib.
764 2529 827 2571 IV.
859 2541 946 2583 cap.
978 2529 1025 2571 11.
1054 2519 1283 2573 indicatoss
1325 2531 1487 2573 Multum
1525 2531 1642 2571 etiam

185 2610 274 2641 cum
292 2600 445 2642 Pericle
472 2607 571 2654 erat,
601 2603 707 2657 quod
729 2614 780 2643 ex
809 2601 902 2658 Plut.
926 2601 1088 2644 Consol.
1122 2602 1173 2645 ad
1188 2604 1319 2658 Apoll.
1355 2616 1442 2657 cap.
1462 2600 1641 2646 XXXllI.

185 2675 300 2722 (tom.
330 2671 377 2713 11.
410 2684 502 2727 pag.
536 2675 629 2716 118.
657 2674 714 2727 D)
745 2676 921 2728 apparet.
978 2673 1055 2722 Qui
1094 2686 1183 2716 cum
1214 2676 1257 2716 in
1289 2676 1515 2717 universum
1544 2674 1643 2714 viris

187 2745 370 2787 doctrina
410 2750 452 2787 et
482 2745 634 2788 artibus
665 2745 951 2788 excellentibus
989 2746 1047 2788 uti
1086 2747 1264 2800 soleret,
1305 2759 1393 2788 cum
1424 2745 1645 2799 Protagora

186 2814 514 2862 coniunctissime
543 2819 696 2863 vixisse
729 2818 906 2863 videtur:
946 2823 990 2861 ut
1026 2819 1067 2862 ei
1096 2820 1263 2863 occasio
1293 2813 1385 2862 data
1414 2821 1525 2860 esset
1563 2817 1643 2859 ob-
