1871 3204
678 119 1031 161 *ηπ-

138 242 244 296 quod
273 244 465 285 sententia
492 243 596 286 haud
625 246 677 285 ita
709 250 771 286 cst
804 245 961 297 inepta3
1007 248 1049 285 ut
1089 236 1297 285 consilium
1316 272 1327 293 ‚
1367 250 1446 294 quo
1476 237 1582 281 Plato

141 316 219 362 hoc
246 321 490 358 commentus
515 318 581 367 sit,
610 318 770 359 omnino
799 317 1061 370 perspiciatur
1089 314 1247 356 nullum.

259 390 371 431 Unde
400 402 486 431 cum
510 402 561 431 ex
588 391 788 444 sophistae
817 402 972 443 quoque
1001 389 1247 443 philosophia
1279 387 1396 429 alium
1429 385 1479 427 ab
1507 384 1587 425 alio

146 459 310 504 edoceri
341 474 460 516 posse
490 466 692 515 appareat,
720 461 824 502 hanc
854 462 977 514 ipsam
1010 472 1125 513 quam
1147 460 1375 513 profiteatur
1404 459 1470 500 ille
1501 457 1586 498 xir-

142 538 265 573 tutem
282 534 479 586 politicam
510 545 531 572 a
565 535 755 585 magistro
785 532 885 572 tradi
918 532 1123 584 discipulis
1144 544 1262 584 posse
1293 533 1477 573 Socrates
1507 541 1606 572 ne-.

140 609 221 657 gat.
261 605 528 664 Athenienses
558 604 677 656 enim,
705 603 828 657 inquit
840 602 946 662 Prots
961 614 1056 658 pag.
1078 602 1172 644 319.
1194 602 1237 654 Β,
1268 604 1341 644 viri
1370 603 1587 657 sapientes,

141 678 182 716 in
215 678 475 719 concionibus
502 678 536 717 si
567 677 698 729 agitur
727 676 777 715 de
820 675 1002 716 domibus
1036 677 1099 715 vel
1129 677 1293 717 navibus
1324 676 1584 716 aedificandis

141 748 208 790 vel
225 749 311 791 aliis
328 749 694 804 eiusdem-generis
721 749 853 802 rebus,
884 761 1034 803 paucos
1062 753 1208 791 tantum
1230 749 1338 790 viros
1357 747 1446 790 illos
1466 747 1582 789 huius

140 820 263 874 ipsius
294 823 389 862 artis
429 821 578 874 peritos
618 821 833 861 consulere-
870 822 999 862 solent
1037 826 1076 862 et
1108 822 1214 873 loqui
1256 822 1455 873 patiuntur
1468 835 1479 870 ;
1520 821 1582 860 sin

145 897 277 952 autent
308 894 358 933 de
388 905 433 933 re
459 894 612 946 publica
645 892 1022 935 administranda-tit
1049 894 1206 951 concio,
1233 893 1310 933 iam
1338 904 1439 949 unus
1471 893 1584 945 quis-

146 974 224 1015 que
255 964 411 1014 civium,
444 964 556 1014 labri,
585 970 740 1005 sutores
758 995 769 1014 ,
794 953 954 1014 turarii,
987 958 1244 1015 mercatores,
1276 974 1489 1016 pauperes,
1519 962 1585 1001 di-

145 1027 250 1082 vites
276 1037 494 1078 sententias
526 1037 667 1088 serunt,
699 1050 826 1090 neque
855 1037 1058 1091 quisquam
1089 1037 1182 1077 ideo
1203 1035 1447 1089 prohibetur,
1477 1032 1584 1087 quod

147 1120 170 1148 a
201 1109 358 1150 nemine
385 1121 514 1151 rerum
543 1109 782 1163 publicarum
810 1110 1017 1151 scientiam
1047 1109 1260 1159 didicerit,
1298 1107 1419 1160 idque
1458 1107 1585 1147 mani-

143 1182 248 1223 festo
288 1194 377 1223 eam
418 1184 540 1236 ipsam
582 1183 633 1224 ob
676 1195 867 1234 causam,
896 1184 999 1235 *quia
1042 1187 1164 1223 artem
1207 1181 1404 1238 politicam
1445 1180 1584 1221 doceri

146 1254 307 1296 omnino
336 1266 568 1308 nonposse
593 1258 739 1308 putant.
796 1242 970 1296 Deinde
994 1254 1110 1295 etiam
1154 1254 1394 1307 privatorum
1426 1253 1583 1301 civium,

145 1327 323 1378 quamvis
349 1327 452 1378 hanc
482 1317 606 1368 artem
635 1338 748 1380 quam
777 1328 946 1367 maxime
974 1332 1129 1378 teneat,
1159 1339 1276 1368 nemo
1305 1339 1434 1380 neque
1463 1326 1583 1367 lilium

146 1408 277 1451 neque
307 1397 422 1439 alium
452 1409 671 1451 quenquam
689 1397 791 1439 illius
820 1398 1048 1451 participem
1070 1399 1206 1440 facere
1221 1403 1365 1452 potest,
1396 1402 1436 1438 ut
1462 1409 1585 1450 saepe

144 1471 270 1522 patris
287 1482 416 1511 rerum
435 1470 676 1522 publicarum
701 1471 925 1523 peritissimi
953 1470 1053 1511 filius
1071 1470 1214 1511 evadat
1241 1471 1350 1512 rudis
1378 1470 1586 1523 atquejn-

145 1542 301 1594 doctus,
327 1546 369 1584 ut
395 1543 554 1583 Periclis
584 1543 741 1584 Paralus
773 1547 889 1596 atque
908 1543 1165 1597 Xanthippus.
1189 1568 1241 1599 7‘-
1262 1543 1385 1591 Quam
1417 1543 1591 1584 demon-

144 1615 374 1662 strationem
417 1614 470 1655 ita
499 1615 682 1656 refellere
711 1605 950 1669 ProtagOras
987 1621 1163 1657 conatur.
1222 1614 1370 1661 Omnes
1402 1615 1587 1657 homines

143 1687 316 1727 iustitiae
348 1698 395 1727 ac
423 1687 584 1739 pudoris
608 1698 710 1734 >esse
749 1678 959 1741 participes
996 1687 1059 1728 dei
1089 1687 1321 1740 voluerunt,
1369 1688 1511 1741 quibus
1541 1688 1584 1728 in

144 1752 353 1799 virtutibus
381 1748 510 1819 posita
542 1764 649 1800 esset
683 1772 748 1799 ars
777 1760 949 1812 politica.
1009 1761 1123 1808 Quod
1154 1762 1371 1802 sentientes
1397 1762 1465 1801 uni
1496 1761 1587 1801 cui-

146 1842 222 1884 que
248 1831 390 1872 civium
418 1830 684 1872 Athenienses
713 1830 762 1872 de
792 1843 838 1872 re
867 1831 1021 1885 publica
1051 1833 1315 1874 concionandi
1347 1836 1583 1885 potestatem

148 1900 385 1944 concedunt.
427 1901 701 1944 Nihilominus
731 1915 809 1944 non
840 1916 926 1945 cum
955 1905 1041 1957 ipso
1074 1905 1235 1966 homine
1266 1907 1443 1945 nascitur
1460 1906 1585 1945 virtus

146 1964 319 2029 politica,
347 1975 420 2017 sed
449 1975 642 2019 discendo
671 1981 840 2030 paratur.
897 1968 1046 2025 Quibus
1073 1979 1178 2017 enim
1210 1976 1315 2017 vitiis
1345 1976 1465 2017 homo
1504 1976 1584 2016 ali-

146 2049 233 2101 quis
254 2053 318 2090 aut
345 2048 395 2088 de
425 2053 569 2109 natura·
596 2054 661 2090 aut
688 2060 782 2089 casu
812 2048 942 2107 aliquo
974 2047 1138 2089 allectus
1160 2053 1232 2099 est,
1264 2060 1313 2089 ea
1342 2048 1397 2088 illi
1429 2059 1585 2101 nequa-

146 2133 262 2174 quam
294 2121 446 2177 crimini
478 2126 701 2163 vertuntur:
745 2133 846 2175 quae
885 2122 971 2175 quis
1012 2132 1108 2162 vero
1140 2125 1206 2162 aut
1246 2118 1379 2175 pravis
1410 2121 1587 2164 meribus

146 2194 329 2235 inductus
350 2198 417 2234 aut
436 2194 656 2247 disciplina,
691 2193 836 2245 studio,
868 2194 1152 2235 exercitatione
1183 2198 1327 2235 carens
1353 2195 1586 2247 peccauob

149 2278 200 2315 ea·
230 2266 388 2319 quidem
419 2266 594 2306 meritam
627 2265 732 2306 cadit
758 2266 798 2306 in
818 2266 1190 2320 reprehensionem.
1248 2250 1367 2320 Atqui
1397 2267 1588 2308 iniustitia

149 2343 267 2391 atque
310 2339 509 2391 impietate
549 2338 612 2391 qui
647 2338 771 2390 abripi
801 2350 846 2379 se
886 2340 1029 2391 patitur
1056 2339 1282 2393 ceterisque
1313 2340 1442 2391 vitiis,
1487 2351 1589 2392 quae

143 2411 278 2452 virtuti
309 2411 493 2464 politicae
521 2415 611 2466 sunt
638 2412 853 2459 contraria,
885 2412 937 2457 ab
968 2410 1149 2452 omnibus
1169 2412 1423 2465 vituperatur.
1479 2413 1588 2465 Ergo

147 2484 272 2522 virtus
315 2483 476 2535 politica
505 2496 555 2524 ex
588 2485 647 2523 eis
676 2488 761 2534 est,
799 2495 900 2535 quae
938 2484 1075 2524 doceri
1114 2490 1286 2536 queunt,
1327 2489 1446 2538 atque
1468 2495 1588 2525 ‘unus

146 2556 313 2610 quisque
341 2554 460 2597 homo
485 2556 728 2597 institutione
772 2558 812 2595 et
849 2554 1052 2609 disciplina
1094 2555 1198 2598 illam
1236 2558 1397 2612 assequi
1431 2559 1587 2615 potest3

145 2633 284 2670 natura
316 2629 419 2668 enim
451 2640 591 2670 omnes
623 2629 698 2670 hac
728 2628 862 2668 indole
885 2629 1073 2685 'praediti
1105 2641 1254 2672 sumus.
1311 2631 1425 2680 Quod
1456 2634 1586 2670 autem

145 2701 552 2754 praeclarissimorum
580 2703 753 2744 virorum
783 2700 885 2743 filios
916 2714 1110 2757 persaepe
1153 2713 1234 2747 non
1277 2704 1385 2758 ipsos
1428 2714 1587 2756 quoque

145 2774 289 2816 virtute
331 2773 490 2827 politica
537 2775 877 2828 praeclarissimos
925 2786 1019 2816 esse
1065 2778 1153 2828 ais,
1197 2778 1283 2819 eius
1327 2774 1491 2828 quidem.
1528 2776 1588 2817 rei

144 2859 264 2888 causa
295 2850 335 2889 in
366 2859 427 2889 eo-
444 2848 573 2901 posita
604 2853 691 2902 est,
735 2846 838 2901 quod
869 2846 1033 2890 aliorum
1066 2850 1226 2907 ingenia
1255 2849 1303 2889 ad
1341 2847 1437 2889 alias
1478 2852 1585 2889 artes
