<?xml version="1.0" encoding="UTF-8"?>
<!DOCTYPE html PUBLIC "-//W3C//DTD XHTML 1.0 Transitional//EN"
    "http://www.w3.org/TR/xhtml1/DTD/xhtml1-transitional.dtd">
<html xmlns="http://www.w3.org/1999/xhtml" xml:lang="en" lang="en">
 <head>
  <title>
</title>
<meta http-equiv="Content-Type" content="text/html;charset=utf-8" />
  <meta name='ocr-system' content='tesseract 3.04.00' />
  <meta name='ocr-capabilities' content='ocr_page ocr_carea ocr_par ocr_line ocrx_word'/>
</head>
<body>
  <div class='ocr_page' id='page_1' title='image "./4738009_0205.png"; bbox 0 0 1871 3204; ppageno 0'>
   <div class='ocr_carea' id='block_1_1' title="bbox 724 115 1082 161">
    <p class='ocr_par' dir='ltr' id='par_1_1' title="bbox 724 115 1082 161">
     <span class='ocr_line' id='line_1_1' title="bbox 724 115 1082 161; baseline 0.003 -1"><span class='ocrx_word' id='word_1_1' title='bbox 724 138 788 150; x_wconf 79' lang='lat'>--·</span> <span class='ocrx_word' id='word_1_2' title='bbox 861 115 961 161; x_wconf 81' lang='lat'>187·</span> <span class='ocrx_word' id='word_1_3' title='bbox 1020 138 1082 148; x_wconf 87' lang='lat'>-—</span> 
     </span>
    </p>
   </div>
   <div class='ocr_carea' id='block_1_2' title="bbox 478 332 1331 511">
    <p class='ocr_par' dir='ltr' id='par_1_2' title="bbox 478 332 1331 511">
     <span class='ocr_line' id='line_1_2' title="bbox 478 332 1331 409; baseline -0.004 -18"><span class='ocrx_word' id='word_1_4' title='bbox 478 341 535 391; x_wconf 89' lang='lat' dir='ltr'>D.</span> <span class='ocrx_word' id='word_1_5' title='bbox 590 332 858 409; x_wconf 67' lang='lat' dir='ltr'>&#39;S‘c&#39;ripta</span> <span class='ocrx_word' id='word_1_6' title='bbox 896 342 1331 408; x_wconf 78' lang='lat' dir='ltr'>grammatica.</span> 
     </span>
     <span class='ocr_line' id='line_1_3' title="bbox 870 470 938 511; baseline 0 0"><span class='ocrx_word' id='word_1_7' title='bbox 870 470 938 511; x_wconf 86' lang='lat' dir='ltr'>IX.</span> 
     </span>
    </p>
   </div>
   <div class='ocr_carea' id='block_1_3' title="bbox 675 584 1136 654">
    <p class='ocr_par' dir='ltr' id='par_1_3' title="bbox 675 584 1136 654">
     <span class='ocr_line' id='line_1_4' title="bbox 675 584 1136 654; baseline -0.004 -21"><span class='ocrx_word' id='word_1_8' title='bbox 675 584 796 651; x_wconf 80' lang='grc' dir='ltr'><em>Περὶ</em></span> <span class='ocrx_word' id='word_1_9' title='bbox 839 584 1136 654; x_wconf 59' lang='grc' dir='ltr'><em>ὀρθοεπείας.</em></span> 
     </span>
    </p>
   </div>
   <div class='ocr_carea' id='block_1_4' title="bbox 186 692 1639 892">
    <p class='ocr_par' dir='ltr' id='par_1_4' title="bbox 186 692 1639 892">
     <span class='ocr_line' id='line_1_5' title="bbox 283 692 1639 756; baseline -0.002 -21"><span class='ocrx_word' id='word_1_10' title='bbox 283 692 510 756; x_wconf 7' lang='grc' dir='ltr'>μλξζίδᾊρρεὲ.</span> <span class='ocrx_word' id='word_1_11' title='bbox 542 693 635 735; x_wconf 89' lang='lat'>136.</span> <span class='ocrx_word' id='word_1_12' title='bbox 667 698 707 735; x_wconf 85' lang='lat' dir='ltr'>et</span> <span class='ocrx_word' id='word_1_13' title='bbox 741 707 780 749; x_wconf 86' lang='lat' dir='ltr'>q.</span> <span class='ocrx_word' id='word_1_14' title='bbox 811 705 925 752; x_wconf 82' lang='lat' dir='ltr'><strong>seqq.</strong></span> <span class='ocrx_word' id='word_1_15' title='bbox 998 695 1111 743; x_wconf 84' lang='lat' dir='ltr'>Quae</span> <span class='ocrx_word' id='word_1_16' title='bbox 1153 692 1298 734; x_wconf 86' lang='lat' dir='ltr'>eodem</span> <span class='ocrx_word' id='word_1_17' title='bbox 1336 692 1508 733; x_wconf 86' lang='lat' dir='ltr'>Platonis</span> <span class='ocrx_word' id='word_1_18' title='bbox 1544 692 1639 733; x_wconf 87' lang='lat' dir='ltr'>loco</span> 
     </span>
     <span class='ocr_line' id='line_1_6' title="bbox 188 761 1639 829; baseline -0.001 -21"><span class='ocrx_word' id='word_1_19' title='bbox 188 762 496 829; x_wconf 24' lang='lat' dir='ltr'>(fflE‘sttffl-i-&#39;ssg-</span> <span class='ocrx_word' id='word_1_20' title='bbox 528 765 620 807; x_wconf 78' lang='lat'><strong>267.</strong></span> <span class='ocrx_word' id='word_1_21' title='bbox 654 763 719 818; x_wconf 71' lang='grc' dir='ltr'>Ο)</span> <span class='ocrx_word' id='word_1_22' title='bbox 744 761 852 808; x_wconf 76' lang='grc' dir='ltr'><em>ἄλλα</em></span> <span class='ocrx_word' id='word_1_23' title='bbox 881 764 1013 808; x_wconf 79' lang='grc' dir='ltr'><em>πολλοὶ</em></span> <span class='ocrx_word' id='word_1_24' title='bbox 1038 765 1114 806; x_wconf 83' lang='grc' dir='ltr'><strong><em>καί</em></strong></span> <span class='ocrx_word' id='word_1_25' title='bbox 1143 764 1249 806; x_wconf 81' lang='grc' dir='ltr'><em>καλὰ</em></span> <span class='ocrx_word' id='word_1_26' title='bbox 1278 765 1523 819; x_wconf 79' lang='lat' dir='ltr'>Protagorae</span> <span class='ocrx_word' id='word_1_27' title='bbox 1549 776 1639 806; x_wconf 90' lang='lat' dir='ltr'>cum</span> 
     </span>
     <span class='ocr_line' id='line_1_7' title="bbox 186 837 1513 892; baseline 0 -15"><span class='ocrx_word' id='word_1_28' title='bbox 186 837 437 879; x_wconf 86' lang='lat' dir='ltr'>cavillatione</span> <span class='ocrx_word' id='word_1_29' title='bbox 457 842 739 892; x_wconf 80' lang='lat' dir='ltr'><strong>memorantur,</strong></span> <span class='ocrx_word' id='word_1_30' title='bbox 772 842 840 880; x_wconf 89' lang='lat' dir='ltr'>aut</span> <span class='ocrx_word' id='word_1_31' title='bbox 870 837 976 879; x_wconf 89' lang='lat' dir='ltr'>nulla</span> <span class='ocrx_word' id='word_1_32' title='bbox 1009 842 1101 879; x_wconf 89' lang='lat' dir='ltr'>sunt</span> <span class='ocrx_word' id='word_1_33' title='bbox 1130 842 1196 879; x_wconf 86' lang='lat' dir='ltr'>aut</span> <span class='ocrx_word' id='word_1_34' title='bbox 1225 841 1336 879; x_wconf 90' lang='lat' dir='ltr'>certe</span> <span class='ocrx_word' id='word_1_35' title='bbox 1362 837 1513 891; x_wconf 89' lang='lat' dir='ltr'>ignota.</span> 
     </span>
    </p>
   </div>
   <div class='ocr_carea' id='block_1_5' title="bbox 535 1042 1278 1346">
    <p class='ocr_par' dir='ltr' id='par_1_5' title="bbox 535 1042 1278 1346">
     <span class='ocr_line' id='line_1_8' title="bbox 535 1042 1278 1109; baseline -0.046 16"><span class='ocrx_word' id='word_1_36' title='bbox 535 1042 586 1090; x_wconf 75' lang='grc' dir='ltr'>Ε·</span> <span class='ocrx_word' id='word_1_37' title='bbox 653 1042 910 1109; x_wconf 70' lang='lat' dir='ltr'>Scripta</span> <span class='ocrx_word' id='word_1_38' title='bbox 953 1044 1278 1092; x_wconf 81' lang='lat' dir='ltr'>rhetorica.</span> 
     </span>
     <span class='ocr_line' id='line_1_9' title="bbox 882 1156 974 1214; baseline -0.043 1"><span class='ocrx_word' id='word_1_39' title='bbox 882 1173 934 1214; x_wconf 86' lang='lat' dir='ltr'>x.</span> <span class='ocrx_word' id='word_1_40' title='bbox 972 1156 974 1158; x_wconf 81' lang='grc'><strong>’</strong></span> 
     </span>
     <span class='ocr_line' id='line_1_10' title="bbox 674 1271 1154 1346; baseline -0.058 4"><span class='ocrx_word' id='word_1_41' title='bbox 674 1271 1009 1346; x_wconf 15' lang='lat' dir='ltr'>&amp;feminus</span> <span class='ocrx_word' id='word_1_42' title='bbox 1026 1276 1154 1334; x_wconf 41' lang='grc' dir='ltr'>δύρ,μ</span> 
     </span>
    </p>
   </div>
   <div class='ocr_carea' id='block_1_6' title="bbox 316 1389 1633 1457">
    <p class='ocr_par' dir='ltr' id='par_1_6' title="bbox 316 1389 1633 1457">
     <span class='ocr_line' id='line_1_11' title="bbox 316 1389 1633 1457; baseline 0.001 -25"><span class='ocrx_word' id='word_1_43' title='bbox 316 1391 432 1446; x_wconf 87' lang='lat' dir='ltr'>Diog.</span> <span class='ocrx_word' id='word_1_44' title='bbox 466 1394 597 1434; x_wconf 86' lang='lat' dir='ltr'>Laert.</span> <span class='ocrx_word' id='word_1_45' title='bbox 628 1394 695 1434; x_wconf 90' lang='lat' dir='ltr'>lib.</span> <span class='ocrx_word' id='word_1_46' title='bbox 722 1393 789 1435; x_wconf 93' lang='lat' dir='ltr'>lX.</span> <span class='ocrx_word' id='word_1_47' title='bbox 830 1400 871 1443; x_wconf 80' lang='lat'>§-</span> <span class='ocrx_word' id='word_1_48' title='bbox 902 1396 969 1435; x_wconf 82' lang='lat'>55.</span> <span class='ocrx_word' id='word_1_49' title='bbox 1022 1394 1293 1457; x_wconf 76' lang='grc' dir='ltr'><em>Ἀιτιλογικά</em></span> <span class='ocrx_word' id='word_1_50' title='bbox 1334 1393 1434 1435; x_wconf 82' lang='lat' dir='ltr'>dicit</span> <span class='ocrx_word' id='word_1_51' title='bbox 1473 1392 1541 1435; x_wconf 87' lang='lat' dir='ltr'>lib.</span> <span class='ocrx_word' id='word_1_52' title='bbox 1568 1389 1633 1433; x_wconf 88' lang='lat'>111.</span> 
     </span>
    </p>
   </div>
   <div class='ocr_carea' id='block_1_7' title="bbox 183 1463 1641 1590">
    <p class='ocr_par' dir='ltr' id='par_1_7' title="bbox 183 1463 1641 1590">
     <span class='ocr_line' id='line_1_12' title="bbox 183 1463 1635 1526; baseline -0.003 -15"><span class='ocrx_word' id='word_1_53' title='bbox 183 1473 224 1516; x_wconf 72' lang='lat'>§-</span> <span class='ocrx_word' id='word_1_54' title='bbox 245 1468 311 1509; x_wconf 86' lang='lat'>37.</span> <span class='ocrx_word' id='word_1_55' title='bbox 341 1474 383 1510; x_wconf 83' lang='lat' dir='ltr'>et</span> <span class='ocrx_word' id='word_1_56' title='bbox 410 1466 476 1511; x_wconf 83' lang='lat'>57.</span> <span class='ocrx_word' id='word_1_57' title='bbox 508 1465 704 1522; x_wconf 83' lang='lat' dir='ltr'><strong>Exposuit</strong></span> <span class='ocrx_word' id='word_1_58' title='bbox 731 1464 811 1512; x_wconf 85' lang='lat' dir='ltr'>hoc</span> <span class='ocrx_word' id='word_1_59' title='bbox 838 1464 940 1514; x_wconf 88' lang='lat' dir='ltr'>libro</span> <span class='ocrx_word' id='word_1_60' title='bbox 957 1465 1200 1526; x_wconf 78' lang='lat' dir='ltr'>Protagoras</span> <span class='ocrx_word' id='word_1_61' title='bbox 1228 1464 1415 1525; x_wconf 84' lang='lat' dir='ltr'>placitum</span> <span class='ocrx_word' id='word_1_62' title='bbox 1442 1475 1554 1521; x_wconf 83' lang='lat' dir='ltr'>suum</span> <span class='ocrx_word' id='word_1_63' title='bbox 1583 1463 1635 1505; x_wconf 86' lang='lat' dir='ltr'>de</span> 
     </span>
     <span class='ocr_line' id='line_1_13' title="bbox 188 1537 1641 1590; baseline 0 -13"><span class='ocrx_word' id='word_1_64' title='bbox 188 1537 396 1577; x_wconf 87' lang='lat' dir='ltr'>sententiis</span> <span class='ocrx_word' id='word_1_65' title='bbox 428 1539 668 1589; x_wconf 85' lang='lat' dir='ltr'>contrariis,</span> <span class='ocrx_word' id='word_1_66' title='bbox 704 1550 776 1590; x_wconf 88' lang='lat' dir='ltr'>per</span> <span class='ocrx_word' id='word_1_67' title='bbox 805 1540 912 1590; x_wconf 90' lang='lat' dir='ltr'>quod</span> <span class='ocrx_word' id='word_1_68' title='bbox 946 1542 1061 1589; x_wconf 86' lang='lat' dir='ltr'>quasi</span> <span class='ocrx_word' id='word_1_69' title='bbox 1092 1543 1297 1577; x_wconf 82' lang='lat' dir='ltr'>transitum</span> <span class='ocrx_word' id='word_1_70' title='bbox 1326 1546 1504 1588; x_wconf 80' lang='lat' dir='ltr'>paratum</span> <span class='ocrx_word' id='word_1_71' title='bbox 1530 1542 1641 1577; x_wconf 87' lang='lat' dir='ltr'>vidi-</span> 
     </span>
    </p>
   </div>
   <div class='ocr_carea' id='block_1_8' title="bbox 185 1607 1636 1736">
    <p class='ocr_par' dir='ltr' id='par_1_8' title="bbox 185 1607 1636 1736">
     <span class='ocr_line' id='line_1_14' title="bbox 185 1607 1636 1680; baseline -0.002 -28"><span class='ocrx_word' id='word_1_72' title='bbox 185 1625 272 1653; x_wconf 91' lang='lat' dir='ltr'>mus</span> <span class='ocrx_word' id='word_1_73' title='bbox 304 1626 326 1653; x_wconf 81' lang='lat' dir='ltr'>a</span> <span class='ocrx_word' id='word_1_74' title='bbox 357 1612 511 1680; x_wconf 56' lang='lat' dir='ltr'>placitis</span> <span class='ocrx_word' id='word_1_75' title='bbox 542 1610 592 1654; x_wconf 90' lang='lat' dir='ltr'>de</span> <span class='ocrx_word' id='word_1_76' title='bbox 620 1624 751 1655; x_wconf 89' lang='lat' dir='ltr'>rerum</span> <span class='ocrx_word' id='word_1_77' title='bbox 782 1615 921 1656; x_wconf 88' lang='lat' dir='ltr'>natura</span> <span class='ocrx_word' id='word_1_78' title='bbox 949 1609 1002 1655; x_wconf 90' lang='lat' dir='ltr'>ad</span> <span class='ocrx_word' id='word_1_79' title='bbox 1032 1608 1282 1654; x_wconf 78' lang='lat' dir='ltr'>dialecticam</span> <span class='ocrx_word' id='word_1_80' title='bbox 1312 1608 1398 1653; x_wconf 90' lang='lat' dir='ltr'>eius</span> <span class='ocrx_word' id='word_1_81' title='bbox 1425 1607 1636 1653; x_wconf 86' lang='lat' dir='ltr'>rationem.</span> 
     </span>
     <span class='ocr_line' id='line_1_15' title="bbox 188 1683 1197 1736; baseline -0.001 -13"><span class='ocrx_word' id='word_1_82' title='bbox 188 1683 382 1723; x_wconf 88' lang='lat' dir='ltr'>Fortasse</span> <span class='ocrx_word' id='word_1_83' title='bbox 410 1683 532 1736; x_wconf 85' lang='lat' dir='ltr'>ipsius</span> <span class='ocrx_word' id='word_1_84' title='bbox 560 1683 684 1722; x_wconf 87' lang='lat' dir='ltr'>verba</span> <span class='ocrx_word' id='word_1_85' title='bbox 711 1687 803 1723; x_wconf 88' lang='lat' dir='ltr'>sunt</span> <span class='ocrx_word' id='word_1_86' title='bbox 831 1684 934 1732; x_wconf 87' lang='lat' dir='ltr'>(vid.</span> <span class='ocrx_word' id='word_1_87' title='bbox 963 1695 1055 1736; x_wconf 84' lang='lat' dir='ltr'>pag.</span> <span class='ocrx_word' id='word_1_88' title='bbox 1082 1685 1197 1732; x_wconf 62' lang='lat'>890:</span> 
     </span>
    </p>
   </div>
   <div class='ocr_carea' id='block_1_9' title="bbox 883 1784 925 1824">
    <p class='ocr_par' dir='ltr' id='par_1_9' title="bbox 883 1784 925 1824">
     <span class='ocr_line' id='line_1_16' title="bbox 883 1784 925 1824; baseline 0 0"><span class='ocrx_word' id='word_1_89' title='bbox 883 1784 925 1824; x_wconf 84' lang='lat'>5.</span> 
     </span>
    </p>
   </div>
   <div class='ocr_carea' id='block_1_10' title="bbox 177 1867 1632 1999">
    <p class='ocr_par' dir='ltr' id='par_1_10' title="bbox 177 1867 1632 1999">
     <span class='ocr_line' id='line_1_17' title="bbox 292 1867 1632 1930; baseline -0.006 -15"><span class='ocrx_word' id='word_1_90' title='bbox 292 1870 404 1915; x_wconf 79' lang='grc' dir='ltr'>Δύο</span> <span class='ocrx_word' id='word_1_91' title='bbox 427 1869 580 1927; x_wconf 80' lang='grc' dir='ltr'><em>λόγοι</em></span> <span class='ocrx_word' id='word_1_92' title='bbox 608 1870 720 1915; x_wconf 83' lang='grc' dir='ltr'>εἰσί</span> <span class='ocrx_word' id='word_1_93' title='bbox 749 1871 875 1930; x_wconf 67' lang='lat'><strong><em>”3⁶92</em></strong></span> <span class='ocrx_word' id='word_1_94' title='bbox 905 1867 1115 1921; x_wconf 77' lang='grc' dir='ltr'><em>παντὸς</em></span> <span class='ocrx_word' id='word_1_95' title='bbox 1145 1868 1465 1926; x_wconf 80' lang='grc' dir='ltr'><em>πράγματος</em></span> <span class='ocrx_word' id='word_1_96' title='bbox 1494 1868 1632 1909; x_wconf 74' lang='grc' dir='ltr'><em>ἀντι-</em></span> 
     </span>
     <span class='ocr_line' id='line_1_18' title="bbox 177 1944 726 1999; baseline 0.004 -15"><span class='ocrx_word' id='word_1_97' title='bbox 177 1944 429 1997; x_wconf 79' lang='grc' dir='ltr'><strong><em>κείμενοι</em></strong></span> <span class='ocrx_word' id='word_1_98' title='bbox 459 1945 726 1999; x_wconf 83' lang='grc' dir='ltr'><em>α’λλήλοις.</em></span> 
     </span>
    </p>
   </div>
   <div class='ocr_carea' id='block_1_11' title="bbox 174 2032 1672 2893">
    <p class='ocr_par' dir='ltr' id='par_1_11' title="bbox 174 2032 1672 2893">
     <span class='ocr_line' id='line_1_19' title="bbox 288 2032 1672 2100; baseline -0.004 -15"><span class='ocrx_word' id='word_1_99' title='bbox 288 2045 658 2093; x_wconf 81' lang='lat' dir='ltr'>Persuaderemihi</span> <span class='ocrx_word' id='word_1_100' title='bbox 686 2047 755 2088; x_wconf 83' lang='lat' dir='ltr'>vix</span> <span class='ocrx_word' id='word_1_101' title='bbox 794 2058 956 2100; x_wconf 84' lang='lat' dir='ltr'>possum</span> <span class='ocrx_word' id='word_1_102' title='bbox 975 2077 988 2098; x_wconf 90' lang='lat'>‚</span> <span class='ocrx_word' id='word_1_103' title='bbox 1026 2058 1078 2088; x_wconf 88' lang='lat' dir='ltr'>ex</span> <span class='ocrx_word' id='word_1_104' title='bbox 1112 2045 1192 2087; x_wconf 84' lang='lat' dir='ltr'>hoc</span> <span class='ocrx_word' id='word_1_105' title='bbox 1228 2032 1483 2098; x_wconf 75' lang='lat' dir='ltr'>Protagorae</span> <span class='ocrx_word' id='word_1_106' title='bbox 1510 2040 1629 2090; x_wconf 75' lang='lat' dir='ltr'>libro,</span> <span class='ocrx_word' id='word_1_107' title='bbox 1665 2074 1672 2081; x_wconf 93' lang='lat'><strong>.</strong></span> 
     </span>
     <span class='ocr_line' id='line_1_20' title="bbox 179 2113 1629 2171; baseline -0.003 -14"><span class='ocrx_word' id='word_1_108' title='bbox 179 2128 202 2157; x_wconf 87' lang='lat' dir='ltr'>a</span> <span class='ocrx_word' id='word_1_109' title='bbox 233 2128 312 2169; x_wconf 88' lang='lat' dir='ltr'>quo</span> <span class='ocrx_word' id='word_1_110' title='bbox 339 2129 472 2158; x_wconf 91' lang='lat' dir='ltr'>rerum</span> <span class='ocrx_word' id='word_1_111' title='bbox 502 2117 748 2171; x_wconf 88' lang='lat' dir='ltr'>publicarum</span> <span class='ocrx_word' id='word_1_112' title='bbox 773 2119 958 2160; x_wconf 82' lang='lat' dir='ltr'>tract-atio</span> <span class='ocrx_word' id='word_1_113' title='bbox 987 2119 1117 2159; x_wconf 86' lang='lat' dir='ltr'>aliena</span> <span class='ocrx_word' id='word_1_114' title='bbox 1146 2117 1270 2158; x_wconf 82' lang='lat' dir='ltr'>fuisse</span> <span class='ocrx_word' id='word_1_115' title='bbox 1299 2115 1469 2166; x_wconf 86' lang='lat' dir='ltr'>videtur,</span> <span class='ocrx_word' id='word_1_116' title='bbox 1496 2113 1629 2153; x_wconf 86' lang='lat' dir='ltr'>Plato-</span> 
     </span>
     <span class='ocr_line' id='line_1_21' title="bbox 175 2184 1631 2237; baseline -0.001 -10"><span class='ocrx_word' id='word_1_117' title='bbox 175 2200 267 2228; x_wconf 87' lang='lat' dir='ltr'>nem</span> <span class='ocrx_word' id='word_1_118' title='bbox 294 2185 383 2228; x_wconf 66' lang='lat' dir='ltr'>‘fere</span> <span class='ocrx_word' id='word_1_119' title='bbox 423 2190 556 2229; x_wconf 89' lang='lat' dir='ltr'>omnia</span> <span class='ocrx_word' id='word_1_120' title='bbox 596 2190 782 2231; x_wconf 85' lang='lat' dir='ltr'>hausisse</span> <span class='ocrx_word' id='word_1_121' title='bbox 818 2191 998 2232; x_wconf 76' lang='lat' dir='ltr'>Politiam</span> <span class='ocrx_word' id='word_1_122' title='bbox 1037 2203 1149 2231; x_wconf 90' lang='lat' dir='ltr'>suam</span> <span class='ocrx_word' id='word_1_123' title='bbox 1192 2187 1542 2237; x_wconf 82' lang='lat' dir='ltr'>conscribentem,</span> <span class='ocrx_word' id='word_1_124' title='bbox 1587 2184 1631 2226; x_wconf 82' lang='lat' dir='ltr'>id</span> 
     </span>
     <span class='ocr_line' id='line_1_22' title="bbox 178 2257 1629 2316; baseline -0.001 -14"><span class='ocrx_word' id='word_1_125' title='bbox 178 2260 286 2314; x_wconf 86' lang='lat' dir='ltr'>quod</span> <span class='ocrx_word' id='word_1_126' title='bbox 327 2261 591 2303; x_wconf 82' lang='lat' dir='ltr'>Aristoxenus</span> <span class='ocrx_word' id='word_1_127' title='bbox 634 2261 849 2304; x_wconf 85' lang='lat' dir='ltr'>tradidisse</span> <span class='ocrx_word' id='word_1_128' title='bbox 888 2263 1034 2305; x_wconf 88' lang='lat' dir='ltr'>dicitur</span> <span class='ocrx_word' id='word_1_129' title='bbox 1075 2260 1177 2316; x_wconf 87' lang='lat' dir='ltr'>apud</span> <span class='ocrx_word' id='word_1_130' title='bbox 1211 2261 1435 2313; x_wconf 83' lang='lat' dir='ltr'>Diogenem</span> <span class='ocrx_word' id='word_1_131' title='bbox 1464 2257 1532 2302; x_wconf 88' lang='lat' dir='ltr'>lib.</span> <span class='ocrx_word' id='word_1_132' title='bbox 1565 2257 1629 2301; x_wconf 89' lang='lat'>111.</span> 
     </span>
     <span class='ocr_line' id='line_1_23' title="bbox 176 2329 1633 2393; baseline -0.002 -20"><span class='ocrx_word' id='word_1_133' title='bbox 176 2335 215 2381; x_wconf 82' lang='lat'>§.</span> <span class='ocrx_word' id='word_1_134' title='bbox 245 2332 322 2374; x_wconf 71' lang='lat'>37:</span> <span class='ocrx_word' id='word_1_135' title='bbox 342 2330 425 2374; x_wconf 67' lang='lat' dir='ltr'>“Hv</span> <span class='ocrx_word' id='word_1_136' title='bbox 453 2332 663 2375; x_wconf 69' lang='grc' dir='ltr'><em>πολιτείαν</em></span> <span class='ocrx_word' id='word_1_137' title='bbox 683 2333 969 2393; x_wconf 77' lang='grc' dir='ltr'><em>Ἀριστόξενός</em></span> <span class='ocrx_word' id='word_1_138' title='bbox 996 2351 1100 2392; x_wconf 87' lang='grc' dir='ltr'><em>φησι</em></span> <span class='ocrx_word' id='word_1_139' title='bbox 1129 2335 1270 2374; x_wconf 75' lang='grc' dir='ltr'><em>πᾶσαν</em></span> <span class='ocrx_word' id='word_1_140' title='bbox 1298 2329 1453 2384; x_wconf 78' lang='grc' dir='ltr'><em>σχεδὸν</em></span> <span class='ocrx_word' id='word_1_141' title='bbox 1483 2331 1528 2371; x_wconf 84' lang='grc' dir='ltr'>ἐν</span> <span class='ocrx_word' id='word_1_142' title='bbox 1547 2335 1633 2378; x_wconf 78' lang='grc' dir='ltr'><em>τοῖς</em></span> 
     </span>
     <span class='ocr_line' id='line_1_24' title="bbox 177 2401 1627 2463; baseline -0.003 -15"><span class='ocrx_word' id='word_1_143' title='bbox 177 2407 470 2459; x_wconf 80' lang='grc' dir='ltr'><em>Πρωταγόρου</em></span> <span class='ocrx_word' id='word_1_144' title='bbox 497 2403 735 2463; x_wconf 71' lang='grc' dir='ltr'><em>γεγράφθαι</em></span> <span class='ocrx_word' id='word_1_145' title='bbox 767 2407 1080 2463; x_wconf 76' lang='grc' dir='ltr'><em>Ἀντιλογικοῖς,</em></span> <span class='ocrx_word' id='word_1_146' title='bbox 1120 2411 1161 2449; x_wconf 83' lang='lat' dir='ltr'>et</span> <span class='ocrx_word' id='word_1_147' title='bbox 1194 2403 1441 2448; x_wconf 82' lang='lat' dir='ltr'>Phavorinus</span> <span class='ocrx_word' id='word_1_148' title='bbox 1479 2405 1530 2445; x_wconf 86' lang='lat' dir='ltr'>ei.</span> <span class='ocrx_word' id='word_1_149' title='bbox 1560 2401 1627 2443; x_wconf 82' lang='lat' dir='ltr'>lib.</span> 
     </span>
     <span class='ocr_line' id='line_1_25' title="bbox 174 2472 1628 2531; baseline -0.001 -17"><span class='ocrx_word' id='word_1_150' title='bbox 174 2480 214 2525; x_wconf 84' lang='lat'>§.</span> <span class='ocrx_word' id='word_1_151' title='bbox 246 2474 298 2515; x_wconf 83' lang='grc'>57</span> <span class='ocrx_word' id='word_1_152' title='bbox 314 2487 326 2518; x_wconf 73' lang='grc' dir='ltr'>τ’</span> <span class='ocrx_word' id='word_1_153' title='bbox 365 2476 448 2530; x_wconf 76' lang='grc' dir='ltr'>Τῆς</span> <span class='ocrx_word' id='word_1_154' title='bbox 472 2478 551 2528; x_wconf 74' lang='grc' dir='ltr'>μὲν</span> <span class='ocrx_word' id='word_1_155' title='bbox 580 2478 788 2525; x_wconf 71' lang='grc' dir='ltr'><em>πολιτείας</em></span> <span class='ocrx_word' id='word_1_156' title='bbox 819 2478 878 2527; x_wconf 75' lang='grc' dir='ltr'>εἷς</span> <span class='ocrx_word' id='word_1_157' title='bbox 908 2479 1007 2520; x_wconf 84' lang='grc' dir='ltr'><em>δέκα</em></span> <span class='ocrx_word' id='word_1_158' title='bbox 1033 2478 1351 2531; x_wconf 77' lang='grc' dir='ltr'><em>διαιρουμένης,</em></span> <span class='ocrx_word' id='word_1_159' title='bbox 1380 2475 1432 2530; x_wconf 78' lang='grc' dir='ltr'>ἢν</span> <span class='ocrx_word' id='word_1_160' title='bbox 1458 2476 1530 2516; x_wconf 78' lang='grc' dir='ltr'><em>καί</em></span> <span class='ocrx_word' id='word_1_161' title='bbox 1556 2472 1628 2514; x_wconf 80' lang='grc' dir='ltr'>εὗ-</span> 
     </span>
     <span class='ocr_line' id='line_1_26' title="bbox 176 2546 1631 2606; baseline 0 -20"><span class='ocrx_word' id='word_1_162' title='bbox 176 2546 399 2600; x_wconf 74' lang='grc' dir='ltr'><em>ρίσκεσθαι</em></span> <span class='ocrx_word' id='word_1_163' title='bbox 426 2548 577 2601; x_wconf 83' lang='grc' dir='ltr'><em>σχεδὸν</em></span> <span class='ocrx_word' id='word_1_164' title='bbox 602 2546 703 2603; x_wconf 73' lang='grc' dir='ltr'><em>ὅλην</em></span> <span class='ocrx_word' id='word_1_165' title='bbox 723 2548 839 2603; x_wconf 81' lang='grc' dir='ltr'><em>παρὰ</em></span> <span class='ocrx_word' id='word_1_166' title='bbox 863 2549 1130 2606; x_wconf 78' lang='grc' dir='ltr'><em>Πρωταγόρᾳ</em></span> <span class='ocrx_word' id='word_1_167' title='bbox 1159 2549 1204 2590; x_wconf 77' lang='grc' dir='ltr'>ἐν</span> <span class='ocrx_word' id='word_1_168' title='bbox 1232 2554 1321 2598; x_wconf 83' lang='grc' dir='ltr'><em>τοῖς</em></span> <span class='ocrx_word' id='word_1_169' title='bbox 1335 2548 1631 2599; x_wconf 78' lang='grc' dir='ltr'><em>Ἀντιλογικοῖς</em></span> 
     </span>
     <span class='ocr_line' id='line_1_27' title="bbox 174 2616 1630 2676; baseline -0.001 -17"><span class='ocrx_word' id='word_1_170' title='bbox 174 2619 283 2673; x_wconf 79' lang='grc' dir='ltr'>φησί</span> <span class='ocrx_word' id='word_1_171' title='bbox 307 2619 560 2672; x_wconf 82' lang='grc' dir='ltr'><em>Φαβωρῖνος</em></span> <span class='ocrx_word' id='word_1_172' title='bbox 597 2621 642 2663; x_wconf 82' lang='grc' dir='ltr'>ἐν</span> <span class='ocrx_word' id='word_1_173' title='bbox 681 2620 949 2675; x_wconf 78' lang='grc' dir='ltr'><em>παντοδαπῆς</em></span> <span class='ocrx_word' id='word_1_174' title='bbox 977 2617 1165 2674; x_wconf 82' lang='grc' dir='ltr'><em>ἱστορίας</em></span> <span class='ocrx_word' id='word_1_175' title='bbox 1189 2620 1392 2676; x_wconf 60' lang='grc' dir='ltr'><em>,δευτέρῳ</em></span> <span class='ocrx_word' id='word_1_176' title='bbox 1452 2616 1537 2664; x_wconf 82' lang='lat' dir='ltr'>Qua</span> <span class='ocrx_word' id='word_1_177' title='bbox 1576 2627 1630 2655; x_wconf 82' lang='lat' dir='ltr'>ex</span> 
     </span>
     <span class='ocr_line' id='line_1_28' title="bbox 174 2692 1628 2742; baseline -0.001 -12"><span class='ocrx_word' id='word_1_178' title='bbox 174 2695 288 2742; x_wconf 81' lang='lat' dir='ltr'>parte</span> <span class='ocrx_word' id='word_1_179' title='bbox 316 2692 422 2731; x_wconf 87' lang='lat' dir='ltr'>enim</span> <span class='ocrx_word' id='word_1_180' title='bbox 449 2693 536 2732; x_wconf 91' lang='lat' dir='ltr'>sive</span> <span class='ocrx_word' id='word_1_181' title='bbox 567 2694 704 2737; x_wconf 83' lang='lat' dir='ltr'>Politia</span> <span class='ocrx_word' id='word_1_182' title='bbox 733 2694 820 2735; x_wconf 88' lang='lat' dir='ltr'>sive</span> <span class='ocrx_word' id='word_1_183' title='bbox 857 2693 957 2735; x_wconf 89' lang='lat' dir='ltr'>alius</span> <span class='ocrx_word' id='word_1_184' title='bbox 986 2693 1278 2736; x_wconf 88' lang='lat' dir='ltr'>Platonicorum</span> <span class='ocrx_word' id='word_1_185' title='bbox 1309 2692 1505 2733; x_wconf 79' lang='lat' dir='ltr'>librorum</span> <span class='ocrx_word' id='word_1_186' title='bbox 1537 2701 1628 2729; x_wconf 90' lang='lat' dir='ltr'>cum</span> 
     </span>
     <span class='ocr_line' id='line_1_29' title="bbox 176 2761 1627 2820; baseline -0.001 -18"><span class='ocrx_word' id='word_1_187' title='bbox 176 2762 380 2815; x_wconf 80' lang='lat' dir='ltr'>sophistae</span> <span class='ocrx_word' id='word_1_188' title='bbox 395 2764 635 2819; x_wconf 87' lang='lat' dir='ltr'>Antilogicis</span> <span class='ocrx_word' id='word_1_189' title='bbox 663 2769 870 2820; x_wconf 80' lang='lat' dir='ltr'>congruat,</span> <span class='ocrx_word' id='word_1_190' title='bbox 902 2765 1088 2819; x_wconf 82' lang='lat' dir='ltr'>equidem</span> <span class='ocrx_word' id='word_1_191' title='bbox 1116 2779 1197 2808; x_wconf 92' lang='lat' dir='ltr'>non</span> <span class='ocrx_word' id='word_1_192' title='bbox 1219 2764 1365 2807; x_wconf 90' lang='lat' dir='ltr'>video:</span> <span class='ocrx_word' id='word_1_193' title='bbox 1397 2773 1487 2802; x_wconf 89' lang='lat' dir='ltr'>nam</span> <span class='ocrx_word' id='word_1_194' title='bbox 1519 2761 1627 2815; x_wconf 90' lang='lat' dir='ltr'>quod</span> 
     </span>
     <span class='ocr_line' id='line_1_30' title="bbox 174 2833 1629 2893; baseline 0.003 -19"><span class='ocrx_word' id='word_1_195' title='bbox 174 2833 423 2879; x_wconf 82' lang='lat' dir='ltr'>Her-mannus</span> <span class='ocrx_word' id='word_1_196' title='bbox 466 2836 582 2881; x_wconf 84' lang='lat' dir='ltr'>affert</span> <span class='ocrx_word' id='word_1_197' title='bbox 622 2838 719 2882; x_wconf 85' lang='lat' dir='ltr'>Hist.</span> <span class='ocrx_word' id='word_1_198' title='bbox 760 2838 905 2881; x_wconf 82' lang='lat' dir='ltr'>Philos.</span> <span class='ocrx_word' id='word_1_199' title='bbox 933 2838 1030 2887; x_wconf 80' lang='lat' dir='ltr'>Plat,</span> <span class='ocrx_word' id='word_1_200' title='bbox 1061 2844 1155 2883; x_wconf 87' lang='lat' dir='ltr'>tom.</span> <span class='ocrx_word' id='word_1_201' title='bbox 1183 2838 1211 2880; x_wconf 92' lang='lat'>1.</span> <span class='ocrx_word' id='word_1_202' title='bbox 1245 2849 1335 2893; x_wconf 87' lang='lat' dir='ltr'>pag.</span> <span class='ocrx_word' id='word_1_203' title='bbox 1365 2836 1460 2880; x_wconf 83' lang='lat'><strong>694.</strong></span> <span class='ocrx_word' id='word_1_204' title='bbox 1492 2839 1629 2879; x_wconf 83' lang='lat' dir='ltr'>annot.</span> 
     </span>
    </p>
   </div>
  </div>
 </body>
</html>
