1871 3204
794 122 1153 169 -166—

249 247 443 301 ignorare
462 247 625 287 videtur.
658 244 772 286 Conf.
790 244 966 285 Cramer.
987 244 1141 285 Aneod.
1159 245 1282 285 Paris,
1299 244 1376 286 vol.
1395 245 1421 286 1.
1443 257 1534 301 pag.
1558 246 1700 297 1725)

243 309 441 377 Attamen¹¹
459 320 642 377 ing-entes
671 317 916 370 Protagorae
946 317 1132 368 divitiae,
1173 329 1271 370 quas
1301 317 1375 358 sibi
1408 318 1595 377 docendo
1625 333 1700 377 pa-

243 381 397 452 rasset).
414 447 417 450 ,
434 376 762 449 innovatae·
791 381 923 448 paene
944 381 1192 451 ,cassatum
1229 391 1309 431 vid·
1340 390 1434 444 *³¹⁸²-
1449 375 1698 448 ..Men.jj2·2=g.

244 466 308 508 91.
336 465 370 506 D
393 495 405 516 ,
437 462 599 506 Theaet.
628 474 734 521 pag.
754 461 842 522 161.
862 462 911 523 D,
937 467 977 521 et
1012 462 1104 521 179.
1132 463 1203 516 A,
1232 462 1699 517 Athen-,l-le-Jussffl2

224 519 982 594 aligr-2132Atque‘insuper'primus
1023 534 1057 575 is
1097 534 1424 587 philosophorum
1466 534 1693 576 mercedem

239 608 429 665 exigebat
468 620 491 649 a
533 608 763 661 discipulis:
807 607 1151 661 ergo-sordidae
1188 611 1276 650 erat
1319 608 1513 650 avaritiae
1560 607 1695 650 homo.

238 682 295 723 lta
324 682 433 724 aiunt
462 682 652 735 plerique.
709 681 806 722 Nam
836 680 1013 721 Geelium
1044 692 1268 734 quanquam
1297 680 1523 721 Aristotelis
1550 685 1698 723 aucto-

237 756 336 795 ritas
363 754 560 807 permovit
574 739 598 803 ,⁷
629 757 670 793 ut
699 753 958 807 Protagoram
990 763 1070 792 non
1105 756 1184 792 tam
1216 757 1376 805 putaret·
1397 753 1553 806 argenti
1578 754 1697 806 cupi-

238 827 329 869 dum
358 838 475 880 quam
505 829 667 866 ceteros
695 824 920 878 sophistaS,
940 828 1071 866 tamen
1104 826 1344 867 mercatoria
1374 826 1503 878 potius
1533 830 1572 866 et
1592 838 1693 867 cau-

236 900 403 953 ponaria
432 899 468 939 ei
501 898 658 939 videtur
685 897 788 938 illius
831 897 1074 948 liberalitas,
1101 909 1218 950 quam
1249 911 1345 939 vere
1375 900 1548 952 ingenua
1577 903 1690 952 (pag.

240 972 368 1023 117.).
404 970 612 1012 Herbstius
638 971 885 1024 autem‘pag.
909 971 998 1015 140.
1031 969 1263 1023 disciplinae
1292 969 1561 1025 Protagoreae
1576 971 1693 1016 finem

236 1045 411 1086 ultimum
439 1044 535 1084 dicit
550 1043 776 1097 pecuniam,
794 1043 1062 1096 linguamque,
1076 1054 1152 1096 qua
1171 1042 1330 1084 divitiae
1347 1049 1591 1096 pararentur,
1619 1055 1692 1085 so-

235 1118 391 1172 phistae
405 1117 543 1157 Deum.
566 1116 806 1165 Quibuscum
820 1116 1073 1157 consentiunt
1086 1114 1172 1157 fere
1187 1116 1421 1167 Gerlachius
1435 1117 1545 1161 Stud.
1557 1117 1694 1158 histor.

235 1202 326 1243 pag.
336 1189 401 1230 95.
415 1193 454 1229 et
463 1201 498 1241 q.
509 1201 598 1242 sqq.
608 1188 682 1238 “J
696 1193 734 1228 et
744 1188 1039 1229 Baumhauerus
1051 1188 1116 1228 lib.
1129 1200 1219 1242 pag.
1235 1190 1324 1228 114.
1338 1188 1415 1228 ind.
1429 1201 1520 1242 pag.
1533 1190 1557 1229 3
1568 1191 1648 1230 l.et
1658 1201 1696 1242 q.

235 1274 322 1316 sqq.
335 1262 397 1303 Ad
411 1261 515 1316 quod
528 1266 569 1303 ut
578 1266 669 1315 post
679 1261 933 1303 Welckerum
948 1261 1056 1312 (libr.
1068 1255 1173 1303 laud.
1187 1272 1276 1315 pag.
1291 1262 1355 1303 28.
1366 1266 1406 1303 et
1420 1274 1457 1316 q.
1470 1269 1604 1316 seqq.)
1616 1274 1692 1303 nos

234 1335 551 1389 respondeamus
574 1336 641 1374 vix
658 1346 757 1387 opus
773 1335 942 1375 videtur.
973 1335 1052 1374 Iam
1083 1339 1175 1374 ante
1189 1334 1446 1387 Protagoram
1463 1340 1571 1375 artes
1586 1335 1692 1375 libe-

235 1407 341 1449 rales
356 1407 486 1461 pretio
501 1407 749 1448 tradiderunt
761 1407 918 1458 musici,
930 1407 1120 1460 pictores,
1130 1407 1330 1460 rhetores,
1344 1406 1424 1448 ludi
1439 1407 1691 1460 palaestrae-

235 1493 313 1533 que
344 1480 543 1533 magistri:
579 1480 715 1532 quidni
738 1480 775 1519 ei
798 1491 957 1532 quoque
971 1481 1076 1520 vitae
1093 1480 1376 1525 consulendum
1393 1479 1522 1530 fuerit,
1537 1480 1604 1533 qui
1622 1492 1692 1521 ar-

234 1557 314 1593 tem
354 1552 521 1593 doceret
547 1551 783 1604 politicam?
840 1549 966 1604 Ipsius
996 1552 1176 1593 Socratis
1209 1550 1487 1606 discipulouun
1516 1552 1693 1594 nonnulli

234 1627 479 1680 Protagorae
514 1624 735 1678 exemplum
768 1624 905 1678 paullo
931 1630 1021 1678 post
1038 1627 1299 1679 secutisunt:
1331 1638 1414 1666 nou
1433 1638 1571 1676 omnes
1588 1629 1693 1668 enim

236 1703 352 1740 erant
397 1698 600 1744 Aristonis
639 1697 706 1738 lilii
747 1697 861 1751 regia
900 1709 952 1737 ex
995 1701 1117 1751 gente
1154 1697 1324 1740 oriundi.
1384 1698 1522 1747 Quid?
1561 1700 1691 1752 poetis

236 1770 344 1825 quod
385 1770 557 1811 divinam
601 1770 825 1811 venderent
867 1770 1079 1811 Camenam
1122 1782 1240 1814 nemo
1284 1771 1439 1812 crimini
1482 1772 1687 1813 vertebat:

230 1843 456 1893 Abderita,
513 1843 579 1895 qui
627 1846 751 1882 artem
797 1841 1064 1895 sophisticam·
1105 1854 1128 1883 a
1167 1854 1212 1883 se
1253 1842 1456 1883 conditam
1496 1844 1550 1884 ita
1598 1856 1686 1885 cum

229 1914 543 1957 Atheniensibus
574 1914 915 1966 communicaret,
955 1919 998 1955 ut
1038 1919 1189 1956 certum
1229 1917 1397 1968 pretium
1429 1918 1689 1958 constitueret

230 1987 398 2039 nullum,
427 1987 503 2027 sed·
530 1997 602 2040 pro
630 1998 702 2027 sua
730 1987 926 2040 quemque
951 1985 1154 2027 voluntate
1182 1987 1360 2041 pendere
1389 1987 1566 2041 iuberet,
1594 2000 1689 2030 sor-

317 2104 351 2149 4’)
378 2103 489 2137 Locus
524 2102 649 2137 misere
676 2103 770 2137 lacer
807 2113 885 2137 esse
914 2104 1062 2137 videtur.
1113 2103 1228 2137 Verba
1263 2098 1325 2139 διὰ
1351 2104 1414 2145 τῆς
1435 2105 1618 2151 μουσικῆς
1641 2104 1685 2137 ab

226 2152 268 2185 iis
295 2162 385 2196 quae
412 2156 601 2196 sequuntur
625 2157 703 2184 sunt
728 2151 958 2185 secernenda:
983 2151 1044 2184 illa
1071 2152 1161 2184 enim
1188 2150 1231 2184 ad
1258 2150 1506 2195 Pythagoreos,
1532 2151 1617 2185 haec
1638 2152 1683 2185 ad

224 2199 446 2242 Protagoram
473 2199 645 2242 pertinent
668 2203 772 2243 atque
800 2209 820 2231 e
843 2198 990 2242 singulis
1024 2193 1300 2232 annothtionibus
1336 2198 1482 2233 connata
1516 2210 1595 2232 esse
1625 2200 1682 2232 vi-

224 2245 367 2288 dentur,
402 2252 486 2291 quas
521 2246 557 2279 iu
584 2246 736 2290 margine
769 2244 846 2278 libri
874 2246 926 2278 sui
956 2246 1155 2290 ascripserit
1183 2245 1309 2291 aliquis
1340 2245 1382 2278 ad
1407 2244 1521 2279 locum
1545 2246 1604 2290 qui
1634 2245 1680 2280 de

224 2293 410 2337 Protagora
433 2293 587 2336 proxime
615 2291 791 2336 praecedit
816 2292 899 2337 (vid.
927 2303 1005 2338 pag.
1031 2294 1117 2337 35.).
1164 2288 1231 2329 τὸν
1252 2297 1503 2340 χαριέστατον
1538 2293 1681 2339 τρόπον

223 2343 287 2383 τῆς
323 2340 560 2383 ἀπαιτήσεως
598 2341 664 2376 τοῦ
700 2340 846 2388 μισθοῦ
873 2341 986 2380 ἔταξε
1023 2340 1066 2374 ad
1105 2339 1324 2385 Protagoram
1365 2345 1445 2373 sunt
1484 2339 1678 2387 referenda.

223 2387 388 2423 Πλάτων
410 2388 469 2420 vix
496 2387 564 2420 alia
586 2388 720 2421 ratione
748 2388 897 2431 positum
923 2392 1020 2429 erat,
1051 2397 1153 2432 quam
1176 2393 1212 2421 ut
1238 2388 1334 2422 Plato
1358 2391 1477 2420 auctor
1501 2386 1675 2421 indicare-

225 2441 299 2476 tur,
334 2444 378 2468 ex
404 2445 471 2478 quo
495 2434 587 2480 quod
611 2434 655 2468 de
689 2435 897 2480 Protagorae
931 2434 1091 2469 mercede
1127 2440 1280 2469 narraret
1311 2435 1457 2478 scriptor
1491 2435 1674 2479 repetitum

226 2487 333 2516 esset.
382 2479 480 2523 Quod
510 2484 538 2515 si
571 2483 619 2516 ita
646 2482 720 2524 est,
756 2480 805 2519 ἄν
863 2483 904 2518 ὲν
926 2484 1099 2528 βούληται
1124 2482 1293 2528 reliquiae
1318 2486 1396 2516 sunt
1419 2481 1569 2516 Platonis
1595 2492 1679 2517 ver-

226 2530 346 2570 borum
373 2538 416 2562 cx
443 2528 521 2563 loco
539 2540 640 2573 quem
662 2540 765 2573 supra
790 2540 810 2563 e
858 2530 1005 2563 ibuimus
1033 2530 1292 2573 exscriptorum.
1323 2529 1494 2572 ἀθλητῶν
1515 2529 1678 2563 emenda'-

229 2582 299 2610 turn
323 2581 377 2609 est
399 2585 477 2620 pag.
503 2575 558 2611 76.
596 2576 646 2610 De
673 2577 809 2621 integra
827 2578 979 2621 ipsorum
1006 2576 1189 2611 verborum
1215 2576 1430 2610 restitutione
1445 2586 1510 2620 ego
1526 2576 1684 2621 despero.

325 2635 388 2680 ⁶⁰)
417 2633 562 2679 Quodis
579 2644 656 2678 pag.
674 2635 732 2670 97.
759 2635 912 2680 profert.-
941 2633 1039 2678 „Wie
1067 2635 1159 2669 deun
1174 2634 1381 2669 namentlich
1402 2645 1469 2669 von
1483 2636 1687 2679 Protagoras

232 2682 390 2716 erwiihnt
406 2681 507 2724 wird‚
534 2680 612 2715 dass
629 2692 666 2714 er
679 2682 859 2728 bestiindig
873 2683 938 2716 den
954 2684 1036 2717 Vers
1051 2682 1112 2716 des
1123 2682 1346 2727 Epicharmos
1360 2684 1404 2716 im
1418 2683 1541 2717 Mundo
1553 2682 1686 2715 ffihrte:

382 2729 427 2765 ‘A
451 2729 492 2765 δὲ
512 2731 599 2776 χεὶρ
625 2724 695 2764 τάν
718 2736 829 2778 χεῖρα
852 2732 952 2773 utcu·
985 2729 1069 2769 -δός
1093 2743 1130 2766 τι
1152 2728 1225 2769 κᾶν
1246 2741 1282 2764 τι
1305 2727 1520 2779 λαμβάνοις.

278 2775 387 2819 „Eine
415 2777 510 2814 Hand
531 2776 570 2819 ja
593 2776 728 2811 wascht
752 2777 807 2811 die
831 2779 957 2811 andro:
982 2778 1063 2822 gieb
1090 2780 1155 2811 mir
1181 2788 1266 2818 was,
1295 2789 1335 2811 so
1360 2779 1435 2811 hast
1459 2777 1504 2810 du
1535 2782 1643 2810 was.“

230 2834 324 2856 mera
352 2823 385 2855 id
411 2823 581 2857 Gerlachii
606 2824 725 2857 nititur
747 2823 981 2868 negligentia,
1008 2834 1075 2868 qua
1101 2825 1309 2870 Protagorae
1335 2824 1397 2858 ille
1424 2825 1568 2868 imputat
1592 2823 1683 2870 quod

232 2869 275 2904 de
299 2869 445 2905 Prodico
471 2870 593 2905 dicitur
619 2869 765 2906 Axioch.
793 2881 871 2916 pag.
895 2872 977 2908 366.
1003 2871 1041 2906 C.
1527 2872 1529 2875 '
1615 2881 1619 2887 ·
