1871 3204
798 144 1156 190 —190—

248 283 374 327 quare
403 269 634 313 Abderitam
669 266 843 307 fortasse
873 278 963 308 cum
991 266 1211 321 Protagora
1241 267 1447 322 astrologo
1484 271 1583 320 (vid.
1611 283 1706 326 pag.

257 345 342 396 13.)
387 355 409 383 a
447 341 632 393 Diogene
668 343 928 392 permutatum
973 350 1066 380 esse
1108 340 1238 393 putati
1269 340 1424 393 possit,
1466 352 1582 394 quam
1615 345 1705 396 qui-

249 417 337 458 dem
378 412 617 454 sententiam
656 411 705 453 ab
742 411 828 465 ipso
863 423 945 452 non
973 412 1150 465 probari.
1207 411 1287 454 Sed
1319 423 1450 465 neque
1489 412 1580 465 quia
1611 415 1709 468 περὶ

247 481 521 540 μαθημάτων
549 485 764 537 inscriptus
794 488 894 535 erat,
926 485 1021 525 inde
1051 485 1103 525 de
1131 484 1253 525 rebus
1282 483 1573 526 mathematicis
1599 485 1706 526 hunc

244 559 387 599 librum
431 556 557 598 fuisse
596 556 891 598 consectarium
929 560 1020 611 est,
1062 566 1193 610 neque
1233 565 1322 598 eum
1351 556 1596 611 Protagorae
1633 568 1706 598 ra-

240 632 352 671 tione
383 629 435 670 de
465 630 540 673 his
579 630 702 671 rebus
744 616 947 670 disserere
987 634 1255 684 congrueret,
1299 630 1377 670 nisi
1404 634 1446 670 ut
1472 630 1581 670 nihili
1614 641 1705 670 esse

240 703 452 745 faciendas
495 702 816 744 demonstraret:
866 702 908 743 id
951 702 1058 757 quod
1085 714 1141 758 ure
1184 715 1281 745 vera
1324 715 1414 744 eum
1461 702 1610 745 fecisse
1654 715 1705 744 ex

237 775 458 816 Aristotele
494 778 660 828 apparet
701 773 874 827 metaph.
907 773 975 814 lib.
1004 773 1051 814 11.
1089 786 1177 827 cap.
1207 776 1245 816 2.
1272 780 1370 816 tom.
1402 774 1465 815 11.·
1484 787 1576 828 pag.
1606 774 1701 816 998.

240 847 393 890 Bekk.:
445 840 551 889 Οὔτε
582 844 662 902 γάρ
693 844 738 889 αἱ
767 844 976 903 αἰσθηταὶ
998 847 1196 901 γραμμαί
1224 848 1427 890 τοιαῦταί
1451 848 1585 900 εἰσιν,
1613 845 1704 895 οἵας

201 965 203 967 ,
242 923 351 973 λέγει
372 917 393 959 ὅ
419 922 674 973 γεωμέτρης·
706 915 828 960 οὐδὲν
857 918 939 974 γάρ
968 918 1076 960 ειῗθὸ
1102 921 1185 961 τῶν
1214 921 1428 974 αἰσθητῶν
1456 916 1586 968 οὕτως
1604 916 1705 960 οῧδὲ

241 989 509 1048 στρογγύλον.
542 986 719 1034 ἅπτεται
734 990 817 1050 γάρ
835 993 911 1034 τοῦ
927 991 1099 1042 κανόνος
1116 991 1167 1033 ου’
1187 991 1293 1034 κατὰ
1311 991 1488 1048 στιγμὴν
1506 989 1526 1034 ὅ
1541 989 1702 1044 κύκλος,

246 1065 354 1116 ἀλλ’,
385 1062 527 1118 ὥσπερ
547 1062 847 1118 Πρωταγόρας
877 1062 1015 1118 ἔλεγεν
1031 1066 1213 1117 ἐλέγχων
1226 1063 1323 1113 τούς
1339 1068 1589 1117 γεωμέτρας,
1610 1060 1704 1104 02'2‘3’

243 1133 287 1178 αἱ
302 1134 487 1191 κινήσεις
507 1135 578 1177 καί
600 1133 732 1185 ἕλικες
753 1137 830 1178 τοῦ
844 1136 1031 1190 σι’ράνοῦ
1041 1130 1310 1192 aramagna&
1328 1128 1387 1178 ὧν
1409 1134 1432 1191 ἢ
1454 1134 1706 1190 α’στρολογία

241 1213 425 1250 ποιεῖται
452 1206 551 1257 τούς
578 1206 743 1262 λόγους,
774 1203 870 1250 οὔτε
887 1206 949 1249 ‘ta'
979 1213 1135 1262 σημεῖα
1167 1213 1252 1257 τοῖς
1282 1204 1450 1262 ἄστροις
1473 1206 1546 1263 τὴν
1570 1203 1702 1261 αὐτὴν

241 1279 330 1335 ἔχει
348 1278 494 1337 φύσιν.
514 1281 629 1322 Conf.
648 1281 698 1323 ad
713 1281 751 1325 h.
767 1282 792 1323 1.
809 1281 964 1323 scholia
977 1282 1192 1324 Alexandri
1207 1287 1246 1323 et
1256 1282 1431 1335 Asclepii
1445 1281 1701 1323 ed.Brandis.

240 1366 333 1406 pag.
363 1353 460 1395 618.
489 1358 536 1400 et*
559 1353 657 1394 619.
716 1354 833 1407 Apud
848 1354 1051 1395 Platonem
1081 1354 1186 1394 Prot.
1221 1366 1312 1408 pag.
1341 1354 1436 1394 318.
1469 1355 1501 1394 E
1530 1354 1578 1394 ab
1612 1354 1701 1394 aliis

241 1414 401 1478 quidem
431 1425 621 1479 sophistis
651 1425 706 1466 ait
726 1426 894 1467 iuvenes
910 1426 961 1467 ad
977 1438 1047 1467 eas
1064 1426 1294 1479 disciplinas
1313 1426 1414 1467 trahi
1429 1427 1589 1477 invitos,
1604 1437 1702 1478 quas

240 1503 285 1539 ut
307 1497 533 1551 effugerent
557 1499 651 1538 illos
683 1499 871 1549 adierint,
902 1496 1145 1551 λογισμούς
1158 1512 1202 1538 τε
1230 1514 1298 1539 και
1328 1498 1606 1551 ἀστρονομίαν
1633 1498 1706 1537 καί

240 1571 498 1625 γεωμετρίαν
528 1569 603 1610 και
627 1566 858 1623 μουσικήνε
892 1571 1037 1624 ipsum
1048 1581 1147 1610 vero
1176 1569 1274 1611 nihil
1302 1570 1451 1611 docere
1479 1570 1565 1611 eius
1582 1569 1702 1611 modi.

216 1644 359 1692 -Quod
400 1653 498 1683 vero
540 1654 563 1681 a
601 1641 803 1694 Simplicio
845 1654 941 1695 pag.
971 1642 1067 1682 423.
1114 1642 1178 1683 ed.
1221 1643 1404 1683 Brandis.
1446 1643 1498 1683 ad
1535 1643 1701 1683 Aristot.

240 1716 354 1769 Phys.
371 1715 438 1756 lib.
460 1713 542 1756 vll.
575 1726 663 1768 cap.
685 1715 723 1755 5.
741 1715 776 1755 si
805 1714 1027 1755 medimnus
1056 1726 1273 1768 granorum
1299 1715 1527 1756 cadentium
1558 1726 1699 1755 sonum

241 1789 389 1842 edant,
422 1789 542 1827 etiam
572 1798 693 1827 unum
722 1798 891 1840 granum
924 1788 1041 1839 atque
1069 1787 1133 1826 vel
1164 1787 1301 1827 decies
1331 1787 1576 1827 millesimam
1614 1789 1700 1827 eius

239 1854 392 1915 pax-testi
428 1861 578 1901 sonare
619 1871 793 1901 necesse
821 1872 928 1912 esse,
958 1860 1050 1913 quia
1079 1860 1183 1900 inter
1205 1860 1405 1901 minimam
1436 1861 1553 1901 unius
1582 1861 1700 1914 grani

193 1939 201 1945 '
238 1932 471 1986 particulam
512 1937 715 1985 totumque
755 1932 997 1993 medimnum
1029 1936 1139 1973 certa
1169 1933 1300 1985 aliqua
1328 1932 1553 1973 intercedat
1579 1933 1695 1983 ratio,

238 2006 484 2060 Protagorae
523 2004 633 2046 Zeno
675 2005 929 2058 persuasisse
974 2004 1138 2045 dicitur:
1189 2004 1269 2045 hoc
1308 2004 1359 2045 ad
1402 2005 1576 2045 Zenonis
1618 2004 1698 2045 do-

239 2079 410 2119 ctrinam
439 2079 613 2131 pertinet
644 2077 780 2127 (cont'.
810 2077 993 2118 Brandis.
1025 2077 1116 2117 hist.
1150 2076 1245 2129 phil.
1275 2081 1370 2117 tom.
1391 2076 1421 2117 1.
1450 2088 1541 2130 pag.
1561 2076 1696 2128 4090,

239 2163 329 2191 nam
370 2150 617 2204 Protagorae
659 2150 701 2190 in
742 2149 943 2202 colloquio
987 2148 1055 2189 illo
1104 2153 1239 2201 partes
1280 2148 1366 2189 fere
1408 2149 1540 2189 nullae
1579 2155 1697 2199 sunt3

238 2235 369 2276 neque
404 2223 615 2276 quicquam
645 2222 808 2263 omnino
840 2233 891 2261 ex
921 2221 960 2262 id
990 2232 1120 2275 genus
1148 2220 1455 2263 narratiunculis
1486 2221 1655 2263 efficitur
1675 2234 1699 2263 a

239 2294 468 2350 scholiastis
513 2298 580 2335 aut
619 2293 737 2347 plane
775 2294 878 2333 fictis
920 2297 986 2333 aut
1024 2304 1287 2346 personarum
1323 2297 1434 2333 certe
1473 2294 1698 2333 nominibus

239 2368 561 2408 arbitrariumin
586 2367 745 2408 modum
777 2367 996 2407 exornatis.
1044 2367 1177 2415 Quare
1210 2377 1289 2419 ego
1317 2366 1575 2419 Protagoram
1618 2367 1697 2408 hoe

238 2439 351 2480 libro>
376 2438 427 2478 de
457 2438 674 2492 disciplinis
706 2439 746 2479 in
776 2439 1005 2479 universum
1036 2438 1275 2479 disseruisse
1303 2441 1421 2490 puto:
1463 2438 1597 2491 quanti
1626 2449 1701 2478 ae-

240 2511 467 2553 stimandae
496 2523 677 2564 quaeque
705 2512 919 2564 primariae
937 2515 1089 2562 essent,
1118 2510 1246 2564 qualis
1259 2511 1363 2550 inter
1378 2511 1557 2565 singulas
1572 2511 1700 2551 inter-

237 2585 405 2625 cederet
436 2583 539 2623 ratio
570 2588 609 2624 et
637 2596 738 2638 quae
770 2588 861 2624 sunt
890 2585 977 2624 eius
1010 2583 1132 2624 modi.
1182 2583 1231 2624 Ut
1260 2581 1337 2622 hoe
1367 2583 1453 2636 ipso
1481 2595 1532 2624 ex
1547 2584 1696 2636 scripto

237 2658 448 2711 repetitum
479 2655 688 2707 videatur,
728 2656 835 2710 quod
866 2657 1095 2698 Aristotelis
1122 2657 1215 2697 loco
1250 2656 1369 2697 modo
1400 2656 1576 2699 indicato
1608 2641 1697 2695 ma-

238 2729 541 2770 thematicorum
588 2727 795 2769 scientiam
836 2729 947 2770 nihili
992 2741 1085 2770 esse
1125 2727 1349 2770 faciendam
1397 2729 1695 2770 demonstrasse

238 2803 395 2844 dicitur.
