1871 3204
699 118 1058 166 —141-

154 243 373 299 Protagora
415 246 605 295 didicisse
645 245 719 303 τὴν
752 246 967 303 ὀρθότητα
997 247 1098 303 περὶ
1122 248 1206 290 τῶν
1234 245 1461 289 τοιοιῖτωνε
1504 255 1606 299 quae

154 327 265 373 sane
296 329 377 360 non
416 319 541 373 estrj
579 322 663 362 τῶν
707 319 924 371 ὀνομάτων
964 316 1177 375 ὀρθότης,
1215 320 1288 362 sed
1331 316 1356 374 ἧ
1397 318 1609 371 ὅρθρτάτη

151 389 299 443 σκέψις
340 395 435 447 περὶ
470 394 553 435 τῶν
588 380 800 438 τοιούτὼν.
859 392 945 435 Velv
970 393 1049 435 hoc
1094 406 1238 451 unum,
1280 393 1387 448 quod
1414 392 1607 435 Socrates

155 459 253 515 περὶ
275 465 357 505 ταῖν
385 456 589 505 ‘corbium‘
614 466 693 514 ait,
724 465 873 505 indicio
901 470 985 515 est,
1015 476 1096 505 non
1130 467 1210 505 dici
1237 466 1495 519 Protagoram
1524 476 1610 505 rem

156 535 282 588 ipsam
313 536 363 577 de
404 548 481 590 qua
523 541 717 589 quaerunt
752 536 971 587 docuisse,
1012 536 1266 578 sed-similia
1295 539 1502 591 quaedam.
1558 537 1612 592 ,Ut

155 618 235 661 ego
273 619 354 649 non
383 608 583 660 dubitem,
623 620 711 648 cum
744 608 959 662 Spengelio
987 617 1079 662 pag.
1108 607 1177 649 44.
1210 614 1332 650 totam
1360 615 1499 662 putare
1534 622 1610 651 so-

153 678 369 740 phistarum
398 682 517 734 inque
547 680 691 733 primis¹
711 679 955 734 Protagorae
985 679 1274 721 cavillationem
1293 711 1305 731 ,
1348 683 1412 734 qui
1438 682 1529 735 quid
1558 682 1609 723 sit

151 751 291 805 ὀρθῶς
304 753 459 797 dictum
479 764 625 807 magno
645 753 772 805 pretio
790 753 948 794 vendat.
980 753 1059 794 Iam
1074 754 1326 795 Heindoriius
1348 760 1387 794 et
1403 754 1606 795 Schleier-

125 858 127 861 .
157 824 370 866 macherus
397 836 449 865 ex
467 825 565 865 vhoc·
586 825 732 879 Cratyli
773 825 869 876 loco
903 826 1167 867 demonstrari
1206 837 1287 867 non
1319 828 1439 880 posse
1468 826 1610 868 Prota-

149 908 296 956 gorae·
324 897 374 938 de
419 898 622 939 nominum
669 898 907 940 rectitudine
958 899 1258 952 professionem<
1277 899 1281 903 ’
1299 885 1605 941 intellexerunt:

149 981 372 1023 quanquam
402 982 513 1022 non,
544 971 584 1012 id
617 971 722 1025 quod
751 971 806 1013 illi
833 972 1011 1013 arbitrati
1040 970 1414 1025 ευηῑ,’-ὀρθοέπεια
1444 960 1608 1025 potissi-

147 1054 252 1083 mum
293 1042 497 1096 soph1stae
539 1044 759 1095 indicatur,
805 1056 909 1097 quae
948 1049 1036 1086 erat
1073 1041 1355 1102 grammatica.
1408 1043 1531 1085 Immo
1574 1042 1610 1084 si

151 1116 310 1169 quidem
346 1127 465 1157 unum
503 1116 662 1169 aliquod
694 1116 961 1158 exhibendum
1003 1121 1087 1169 est,
1126 1116 1147 1159 ὃ
1176 1115 1308 1171 ὀρθὸς
1337 1116 1457 1175 λόχος
1483 1117 1610 1171 magis

150 1188 229 1229 huc
268 1189 451 1241 pertinet.
516 1189 596 1230 Sed
635 1189 691 1229 ‘de
731 1189 919 1230 universa
960 1190 1092 1243 potius
1134 1189 1382 1241 Protagorae
1426 1188 1609 1229 doctrina

150 1259 405 1314 cogitandum
424 1264 502 1310 est,
530 1271 605 1312 qua
626 1271 787 1313 semper
814 1258 892 1313 τήν
917 1257 1127 1313 ὀρθότητα
1153 1260 1372 1313 spectabat.
1418 1261 1604 1307 Attamen

147 1344 228 1374 non
256 1344 417 1386 possum
448 1331 541 1386 q'uin
570 1341 659 1373 cum
689 1331 1062 1374 Schleiermachero
1092 1319 1287 1385 sentiam,
1327 1333 1408 1386 qui·
1427 1332 1475 1372 ad
1506 1332 1545 1378 h.
1576 1332 1602 1373 Ι.

145 1404 317 1456 „Wollte
343 1404 442 1446 aber
462 1404 626 1458 J‘emand
658 1404 915 1459 bemerken“‚
942 1405 1082 1458 inquit,
1112 1405 1250 1457 „diese
1278 1416 1408 1458 ganze
1426 1405 1604 1457 Anspie-

143 1477 242 1532 lung
267 1478 328 1519 sei
355 1477 444 1519 hier
471 1481 596 1518 etwas
624 1477 782 1532 frostig‚
812 1489 860 1519 so
891 1477 1050 1519 mochte
1079 1478 1214 1532 wenig
1240 1476 1385 1519 darauf
1399 1489 1448 1518 zu
1475 1488 1603 1534 sagen

144 1551 271 1591 sein.“
303 1575 357 1582 —
389 1540 572 1591 ceterum
612 1551 646 1590 si
685 1550 774 1604 quis
804 1550 1347 1604 nihilominus-Protagoram
1380 1550 1479 1601 περὶ
1506 1546 1602 1589 ὀνο-

143 1621 289 1675 μάτων
309 1620 542 1676 ,ὀρθότητος
570 1624 780 1675 scripsisse
813 1619 1052 1675 contendat,
1076 1634 1326 1676 nequaquam
1358 1626 1490 1663 tamen
1523 1621 1603 1663 hoc

139 1696 266 1746 potuit
294 1696 334 1735 in
363 1695 465 1735 libro
497 1695 564 1734 illo
594 1685 796 1747 Ἀλήθεια
828 1695 1048 1748 inscripto,
1089 1696 1203 1736 cuius
1242 1695 1365 1748 longe
1397 1694 1599 1735 diversum

140 1771 228 1807 erat
255 1770 539 1820 argumentum.
598 1766 724 1815 Quem
750 1766 996 1808 Stallbaumii
1030 1778 1213 1808 errorem
1242 1767 1343 1817 (vid.
1375 1766 1462 1816 1.Ι.,
1491 1765 1599 1807 conf.

138 1837 353 1888 Lerschius
381 1849 472 1893 pag.
504 1838 594 1889 19.)
626 1850 739 1879 suum
782 1839 880 1880 fecit
913 1839 1259 1881 Graefenhahnius
1295 1839 1385 1879 libri
1427 1840 1491 1879 cui
1531 1840 1600 1879 in-·

138 1911 298 1965 scripsit
325 1911 565 1953 Geschichtc
590 1911 662 1952 der
692 1911 943 1952 klassischen
972 1911 1193 1965 Philologie
1225 1916 1318 1952 tom.
1339 1911 1366 1950 1.
1395 1923 1485 1965 pag.
1507 1910 1597 1952 136.

183 2009 186 2012 ι
246 1984 378 2037 Atque
407 1984 509 2027 haec
536 1983 693 2037 quidem
711 1984 761 2024 de
781 1984 1027 2037 Protagorae
1045 1984 1347 2037 quaestionibus
1362 1983 1595 2036 grammati..

140 2058 227 2108 cis;
255 2068 354 2110 quas
385 2068 526 2112 omnes
552 2057 638 2110 ipse
659 2057 807 2110 primus
837 2057 1014 2098 instituit.
1051 2056 1359 2099 Retractandum
1388 2056 1508 2109 igitur
1535 2060 1599 2097 est

140 2129 376 2180 classenm,
416 2129 523 2182 quod
563 2141 654 2183 pag.
680 2128 748 2170 62.
803 2129 1059 2169 Aristotelem
1090 2131 1253 2184 primum
1294 2128 1598 2168 terminationes

136 2201 356 2245 secundum
386 2212 539 2255 genera
570 2200 818 2254 disposuisse
848 2201 914 2243 ait.
944 2190 947 2193 Α
972 2201 1131 2255 Neque,
1161 2212 1262 2253 quae
1292 2204 1332 2241 et
1360 2199 1529 2241 aliorum
1558 2204 1599 2241 et

136 2273 331 2316 Classenii
359 2278 470 2327 (pag.
491 2273 579 2322 28.)
618 2272 828 2326 aliquaque
858 2259 1053 2326 exparte
1081 2273 1256 2313 Herbstii
1293 2283 1452 2326 quoque
1484 2278 1599 2326 (pag.

138 2345 255 2398 146.)
289 2351 353 2388 est
381 2347 592 2396 sententia,
621 2345 839 2398 Democriti
869 2346 1051 2387 doctrina
1079 2350 1185 2398 erat,
1216 2357 1333 2399 quam
1354 2346 1598 2400 Protagoras

134 2419 415 2463 additamentis
445 2418 643 2461 nonnullis
668 2422 829 2475 auctam
859 2428 933 2471 per
961 2422 1081 2467 totam
1111 2418 1325 2460 Graeciam
1355 2431 1443 2460 cum
1475 2418 1593 2460 audi-

130 2492 286 2534 toribus
314 2493 641 2535 communicarit:
684 2503 799 2542 nam,
839 2503 929 2532 cum
958 2491 1210 2533 Democritus
1253 2491 1415 2534 vixdum
1446 2491 1593 2545 agebat

136 2576 282 2607 annum
313 2564 524 2616 decimum,
550 2565 791 2618 Protagoras
809 2563 888 2603 iam
904 2563 1074 2604 Athenis
1103 2568 1229 2605 artem
1260 2576 1371 2606 suam
1403 2564 1594 2605 exercuit.

135 2639 228 2692 Ipse
270 2638 391 2693 igitur
432 2637 548 2679 huius
589 2637 822 2690 disciplinae
865 2636 938 2676 fuit
977 2636 1132 2678 auctor.
1189 2638 1239 2679 Et
1276 2639 1460 2691 profecto
1500 2635 1595 2677 mihi

136 2711 294 2769 quidem
340 2711 519 2763 omnium¹
554 2710 797 2764 Protagorae
838 2708 1059 2750 studiorum
1100 2712 1358 2764 grammatica
1406 2709 1592 2750 videntur

137 2794 231 2824 esse
260 2778 482 2825 sanissima.
541 2783 770 2836 Quanquam
793 2781 1087 2824 aliter.iudicat
1116 2783 1336 2832 Herbstius‚
1364 2783 1429 2835 qui
1451 2782 1594 2823 Prota-

130 2866 273 2911 goram
302 2856 528 2915 ὀρθοεπείᾳ
556 2868 688 2899 rerum
717 2855 889 2898 omnium
910 2855 1197 2910 ineptissimam
1221 2856 1449 2909 suscepisse
1472 2860 1593 2910 putat.
