1871 3204
730 150 790 156 -
860 126 954 171 1³27
1024 149 1084 157 -

190 253 253 289 tur
293 247 480 291 Socrates
516 247 566 289 ad
608 259 718 291 suam
760 260 844 289 rem
886 248 1144 302 probandam.
1212 245 1252 290 Si
1294 246 1414 303 igitur
1453 246 1630 288 Socratis

188 321 494 374 explicationem
524 333 604 362 non
635 334 687 362 ex
713 322 836 375 ipsius
867 322 929 362 vel
956 321 1127 370 Platonis
1143 306 1277 362 'animi
1304 321 1504 362 sententia
1533 332 1633 373 pro-

189 393 360 446 sectam,
392 394 488 446 sed,
524 398 566 436 ut
592 388 854 448 sophistarum
882 395 1077 436 rationem
1104 406 1192 435 cum
1220 393 1407 435 irrisione
1431 396 1631 447 carperet,

188 467 318 508 fictam
346 479 438 508 esse
466 472 606 513 teneas
623 497 636 518 ‚
661 478 740 507 non
770 468 941 517 mireriS,
973 467 1078 519 quod
1106 468 1293 508 Socrates
1321 467 1437 508 multa
1457 467 1511 507 sit
1531 465 1632 506 salse

188 539 480 592 interpretatus.
535 538 682 580 Similis
710 543 773 579 est
800 539 902 579 ratio
929 542 1148 591 etymorum
1176 537 1327 579 illorum
1347 568 1358 589 ‚
1388 550 1490 592 quae
1521 537 1631 580 Plato

185 611 229 650 in
271 610 428 664 Gratylo
458 610 662 651 Socratem
701 608 970 661 proferentem
1010 609 1116 650 facit.
1175 610 1262 657 Quo
1292 614 1420 651 autem
1456 611 1628 652 consilio

186 680 286 726 tales
314 682 557 736 Protagorae
596 680 814 726 carminum
850 681 1135 735 explicationes
1165 681 1271 727 Pla-to
1309 682 1626 736 reprehenderit,

186 750 375 806 proximis
404 753 667 795 enarrabitur.
695 777 749 785 -—
793 753 974 794 Ceterum
995 753 1052 811 ‘de
1083 754 1159 795 boc
1190 754 1361 800 Platonis
1390 755 1481 796 loco
1512 757 1627 798 aliter

183 826 308 865 sensit
333 824 569 865 Welckerus
601 824 698 866 Mus.
730 825 853 866 Rben.
888 826 1004 866 1833.
1034 824 1249 880 pag-541.

298 895 413 944 Quod
443 897 478 937 si
509 896 562 937 ita
594 901 668 947 est,
698 897 940 951 Protagorae
968 898 1250 950 interpretandi
1281 898 1382 938 ratio
1401 898 1629 951 planissime

184 972 372 1021 apparet.
432 968 685 1017 Quaestionis
724 970 813 1010 finis
859 975 945 1010 erat
983 981 1234 1024 cognoscere
1278 970 1398 1010 totius
1440 970 1628 1010 carminis

186 1040 361 1083 indolem
405 1053 563 1095 quoque
605 1042 773 1083 consilio
806 1054 828 1083 a
862 1047 977 1096 poeta
1020 1047 1128 1083 esset
1166 1042 1440 1095 compositum.
1513 1041 1627 1090 Quod

184 1114 235 1154 ad
276 1115 592 1168 perspiciendum
637 1127 778 1156 vocum
825 1120 942 1169 atquc
983 1116 1266 1156 sententiarum
1311 1114 1627 1168 significationes

189 1191 372 1228 accurate
411 1187 601 1240 explicari
642 1199 812 1228 necesse
841 1192 954 1238 erat,
994 1188 1209 1240 praecipue
1250 1187 1374 1227 verba
1407 1191 1519 1227 recto
1557 1198 1629 1227 or-

188 1259 281 1299 dine
324 1260 515 1313 coniungi
552 1264 594 1300 ct
630 1259 802 1312 disiungi
834 1259 1124 1310 (διαλαβεῖν),
1150 1263 1192 1298 ιιι
1222 1258 1377 1312 singula
1412 1260 1544 1299 omnia
1575 1259 1627 1299 ad

186 1329 291 1371 idem
337 1330 429 1371 illud
461 1330 665 1371 consilium
707 1330 907 1384 pertinere
944 1333 1062 1382 atque
1105 1330 1289 1370 conferre
1328 1329 1626 1371 demonstrare-

183 1407 257 1443 tur.
331 1402 459 1443 Etiam
505 1403 754 1443 diversarum
798 1402 977 1443 Graecae
1022 1402 1193 1456 linguae¹
1223 1402 1482 1444 dialectorum
1524 1404 1627 1444 ratio

183 1473 415 1515 habebatur.
471 1474 651 1527 Denique
683 1474 767 1528 ipse
795 1478 912 1527 poeta
949 1474 989 1515 in
1020 1485 1187 1514 examen
1220 1473 1463 1526 vocabatur,
1497 1478 1625 1516 utrum

182 1557 280 1587 vere
300 1547 494 1587 sensisset
510 1543 654 1596 n‘ecne,
686 1546 921 1592 sententiam
949 1558 1058 1586 suam
1089 1547 1192 1586 bene
1211 1546 1460 1599 explicasset,
1486 1548 1629 1601 singu-

182 1618 246 1658 l'ae
261 1618 451 1658 carminis
468 1621 599 1671 partes
620 1617 696 1658 sibi
724 1618 892 1658 invicem
924 1602 1227 1670 responderent,
1257 1622 1378 1658 totum
1397 1618 1501 1659 bene
1520 1623 1628 1660 esset

183 1690 469 1743 compositum;
493 1702 553 1731 ne·
578 1690 720 1731 multat
746 1693 871 1731 utrum
903 1690 1009 1730 omni
1039 1701 1090 1729 ex
1115 1694 1227 1742 parte
1256 1691 1394 1737 καλῶς
1407 1705 1453 1731 τε
1468 1692 1542 1732 και·
1555 1691 1627 1744 0’9-

180 1764 268 1811 θῶς
289 1767 397 1803 esset
412 1758 697 1815 ηεὶιοιημένον.
727 1761 829 1803 Nihil
858 1761 943 1802 fere
973 1772 1180 1803 commune
1208 1761 1332 1803 fuisse
1360 1747 1453 1803 huic
1481 1763 1626 1804 rationi

181 1846 270 1875 cum
299 1835 434 1888 priore
460 1833 540 1885 illa,
569 1845 645 1886 qua
672 1834 847 1879 carmina
877 1835 1093 1874 memoriae
1120 1833 1223 1874 tradi
1252 1846 1303 1875 ac
1320 1835 1483 1875 recitari
1502 1837 1624 1876 totius

179 1907 237 1948 rei
268 1918 417 1948 summa
446 1911 548 1957 erat,
574 1905 691 1947 facile
716 1910 892 1959 apparet.
951 1906 1123 1948 Fuerunt
1149 1908 1253 1947 enim
1283 1906 1373 1948 illae
1406 1918 1620 1960 puerorum

181 1979 359 2030 scholae,
392 1980 471 2031 qui,
498 1990 585 2019 eum
618 1979 742 2032 prima
772 1979 1005 2019 eruditionis
1025 1978 1235 2028 elementa,
1262 1978 1422 2031 legendi
1439 1979 1621 2020 scriben-

178 2052 296 2107 dique
338 2056 461 2094 artem
497 2051 793 2106 percepissent,
835 2062 974 2091 versus
1016 2062 1038 2091 a
1068 2050 1270 2104 magistris
1307 2051 1537 2104 propositos
1579 2051 1621 2092 in

178 2120 375 2167 subs'elliis
405 2125 575 2166 recitare
607 2129 725 2177 atque
765 2124 948 2165 ediscere
985 2124 1258 2177 cogebantur,
1296 2135 1346 2165 eo
1387 2126 1621 2178 praesertim

179 2199 350 2239 oonsilio
366 2229 378 2249 ‚
405 2202 449 2251 ut
473 2198 604 2238 multis
624 2202 672 2238 et
697 2197 989 2239 laudationibus
1017 2201 1057 2238 et
1083 2196 1464 2250 reprehensionibus
1493 2197 1620 2239 disci-

177 2271 355 2324 pulorum
394 2270 514 2309 animi
554 2266 824 2312 excitarentur
866 2269 922 2312 ad
949 2268 1136 2310 imitanda
1176 2269 1350 2309 virorum
1379 2271 1621 2312 carminibus

133 2339 137 2344 ’
175 2342 253 2383 illis
280 2341 598 2395 praedicatorum
632 2339 811 2393 exempla
839 2341 971 2390 (conf.
1000 2340 1103 2381 Prot.
1135 2351 1226 2394 pag.
1245 2341 1342 2381 325.
1372 2342 1444 2392 E).
1479 2341 1622 2395 Aliqua

175 2415 334 2467 quidem
363 2426 415 2455 ex
452 2418 564 2467 parte
608 2412 787 2454 carmina
826 2413 877 2454 ab
908 2412 985 2454 ittis‘
1011 2425 1167 2467 quoque
1197 2413 1499 2467 explicabantur
1534 2426 1622 2455 ma-

174 2487 344 2540 gistris;
370 2498 485 2539 nam,
523 2495 611 2528 cum
635 2485 698 2526 vel
724 2486 788 2526 ob·
805 2485 1020 2527 dictionem
1047 2487 1244 2539 poeticam
1284 2487 1347 2528 vel
1377 2488 1428 2527 ob
1456 2487 1617 2541 linguae

176 2559 444 2613 antiquitatem
483 2559 546 2600 vel
575 2559 693 2600 etiam
724 2557 776 2606 ob
808 2557 968 2599 dialecti
999 2558 1270 2601 diversitatem
1303 2572 1326 2601 a
1358 2559 1510 2614 vulgari
1535 2559 1617 2599 ho-

176 2632 322 2672 minum
354 2642 541 2672 sannone
570 2633 605 2672 is
632 2631 697 2684 qui
723 2630 763 2670 in
791 2630 983 2682 poematis
1012 2625 1219 2673 obtinebat
1257 2632 1373 2673 valde
1411 2631 1619 2683 discrepa-

174 2708 250 2755 ret,
279 2702 384 2744 nulla
413 2703 544 2744 addita
561 2701 881 2757 interpretatione
894 2701 1102 2755 scriptoris
1123 2716 1282 2745 sensum
1299 2715 1378 2744 non
1396 2701 1619 2743 intellexis-

176 2773 266 2818 sent
293 2777 418 2829 pueri.
464 2775 541 2816 Sed
558 2775 841 2828 grammaticae
869 2775 1157 2827 expositiones,
1192 2776 1326 2828 quales
1354 2778 1394 2814 et
1419 2774 1620 2828 Protago-

175 2860 245 2888 rae
273 2852 386 2897 erant
416 2852 455 2889 et
483 2859 588 2889 nunc
615 2849 655 2889 in
674 2846 821 2889 scholis
842 2851 933 2888 sunt
946 2848 1130 2901 usitatae,
1158 2848 1207 2889 ab
1229 2846 1304 2887 illis
1322 2846 1477 2887 alienae
1494 2845 1618 2888 fuisse
