1871 3204
724 157 1093 202 —156—

177 278 381 334 Hippiae:
415 289 493 332 quo
530 278 668 318 etiarn«
687 277 834 319 factum
871 279 954 330 sit,
991 282 1060 338 ut,
1101 289 1190 319 cum
1212 278 1395 330 insuper
1429 279 1645 333 infirmiore

178 351 301 399 fuerit
329 351 393 391 ille
407 348 678 405 ..valetudine‚
723 353 793 400 aut
829 349 942 391 domi
967 359 1066 391 suae
1094 348 1312 402 discipulos
1339 349 1547 392 instituere
1577 349 1645 393 aut

178 425 348 477 scriptas
378 422 554 463 recitare
582 422 943 471 commentationes
971 421 1120 475 mallet,
1148 433 1266 477 quam
1296 423 1383 477 ipse
1413 434 1474 473 se,
1501 427 1545 465 ut
1570 431 1643 465 ce-

182 496 254 537 teri
296 494 536 547 sophistae,
578 494 618 535 in
659 494 860 548 publicum
899 495 1095 549 prolerre.
1161 494 1409 550 Protagorae
1445 495 1648 536 valetudi-

176 579 266 608 nem
316 567 512 609 infirmam
559 566 685 608 fuisse
738 568 901 610 Geelius
946 568 1041 609 inde
1090 566 1274 622 colligit,
1322 568 1489 621 primum
1535 567 1644 622 quod

177 639 460 692 Hippocratem
507 651 661 681 summo
705 640 912 685 desiderio
952 641 1211 695 Protagoram
1250 640 1521 681 conveniendi
1563 650 1644 694 ge-

173 712 361 753 stientem
404 712 629 765 reprimens
670 713 862 753 Socrates
907 717 949 753 ut
989 713 1040 753 ad
1081 713 1209 755 lucem
1246 717 1409 756 maneat
1442 710 1640 767 hortatur:

172 784 406 838 plerumque
436 785 540 825 enim
575 784 834 837 Protagoram
866 785 973 825 domi
1003 797 1121 837 esse,
1160 790 1202 827 nt
1231 790 1341 828 certe
1372 797 1461 827 eum
1493 773 1642 840 depres-

171 857 337 898 hensuri
383 857 462 898 sint
478 870 489 907 ;
546 855 693 901 deinde
711 887 724 908 ,
775 856 881 910 quod
924 854 1099 898 libellum
1120 845 1126 852 ⁴
1146 856 1246 912 περὶ
1291 858 1403 899 θεῶν
1452 858 1640 912 scriptum

169 940 253 970 non
280 930 383 982 ipse,
418 929 492 970 sed
526 928 709 982 discipuli
737 929 948 975 ,cuiusdam
983 940 1087 984 vooe
1118 940 1215 974 usus
1245 931 1441 971 recitasse
1471 930 1638 970 dicatur.

169 1026 226 1034 —
257 1002 308 1043 Ut
346 1002 397 1043 ab
427 1001 565 1042 ultimo
594 1001 809 1054 incipiam,
848 1009 997 1054 parum·
1032 1000 1084 1048 de
1124 1001 1202 1042 hac
1246 1013 1292 1043 re
1332 1002 1437 1055 inter
1474 1007 1636 1044 veteres

169 1076 391 1128 scriptores
417 1078 600 1126 constat,
639 1086 756 1128 quam
787 1078 829 1115 ut
857 1075 953 1116 inde
981 1075 1082 1115 certi
1114 1074 1324 1128 quicquam
1356 1074 1461 1116 effici
1487 1079 1640 1128 possit:

168 1149 256 1200 ipse
268 1148 481 1201 >Diogenes
510 1146 672 1195 diversa
701 1146 818 1187 affert
840 1151 1052 1188 auctorum
1081 1139 1320 1188 testimonia.
1359 1147 1440 1190 Sed
1468 1151 1512 1202 ut
1543 1147 1637 1188 sue-

168 1222 221 1262 rit
251 1233 388 1262 verum
409 1251 421 1272 ,
447 1220 538 1273 quis
569 1214 737 1261 causam¹
758 1220 991 1273 perspicere
1015 1220 1171 1272 possit,
1199 1231 1272 1261 cur
1299 1231 1380 1261 non
1412 1220 1498 1273 ipse
1527 1220 1639 1261 reci-

167 1292 277 1334 tandi
306 1297 441 1346 partes
470 1289 725 1346 susceperit?
759 1292 846 1333 Nec
876 1292 1041 1345 gravius
1071 1292 1236 1333 alterum
1264 1297 1327 1334 est
1348 1297 1637 1347 argumentum,

166 1366 273 1419 quod
304 1379 327 1406 e
356 1366 550 1410 Socratis¹
566 1365 710 1406 verbis-
730 1365 834 1405 Prot.
865 1377 956 1418 pag.
976 1365 1070 1406 311.
1089 1366 1125 1406 A
1147 1365 1481 1419 Geelius>repetit
1498 1365 1640 1411 hisce:

166 1437 322 1491 Μήπω,
342 1432 376 1478 ὦ
392 1439 527 1490 'yn-⁹⁶3
550 1438 682 1479 ἐκεῖσε
697 1435 844 1488 ἴωμεν,
858 1436 946 1493 πρῴ
963 1437 1042 1490 γάρ
1063 1435 1191 1478 ἐστιν·
1214 1436 1321 1478 ἀλλὰ
1342 1439 1470 1490 δεῦρο
1492 1439 1640 1493 ἐξα-να-

166 1513 333 1561 στῶμεν
353 1511 421 1558 -εἰς
447 1507 690 1564 τήν-αὐλήν
718 1507 790 1549 καί
817 1507 1050 1561 περιιόντες
1073 1508 1205 1551 αὕτοῦ
1224 1511 1529 1565 διατρίψωμεγ,
1560 1508 1639 1558 ἕως

167 1576 221 1622 d'v
245 1583 337 1636 φῶς
365 1582 547 1635 γένηται·
585 1576 674 1622 εἶτα
690 1578 832 1632 tholm-
880 1578 954 1620 καί
978 1577 1057 1633 γάρ
1089 1579 1141 1622 τά
1176 1578 1305 1622 πολλὰ
1339 1578 1636 1636 Πρωταγόρας
1692 1589 1695 1592 “

167 1652 287 1694 ἔνδον
301 1654 522 1705 διατρίβει,
542 1648 666 1704 ὥστε,
685 1652 858 1705 θάρρει,
882 1649 1219 1707 καταληψόμεθα
1245 1650 1377 1693 αὐτὸν
1392 1651 1447 1702 ὥς
1464 1653 1511 1693 τὸ
1530 1653 1641 1701 εἰκὸς

171 1722 306 1766 ἔνδον.
343 1724 426 1765 Sed
442 1724 544 1765 nolo
571 1735 651 1778 ego
681 1724 823 1764 multus
846 1736 938 1764 esse
968 1724 1006 1764 in
1038 1723 1271 1764 refellendis
1297 1725 1540 1777 argumentis
1566 1735 1642 1778 pro

169 1795 237 1843 tali
265 1797 467 1839 sententia
498 1796 640 1846 allatis,
667 1796 718 1836 de
747 1807 822 1847 qua
854 1800 996 1836 auctor
1025 1796 1120 1849 ipse
1142 1796 1196 1836 ita
1216 1783 1396 1837 ¹iudicat:
1427 1796 1537 1850 „Sed
1558 1797 1638 1837 hoc

169 1881 251 1909 non
280 1869 358 1910 nisi
388 1869 650 1910 coniecturae
678 1869 845 1921 eiusque
875 1867 1105 1909 levissimae
1125 1868 1204 1908 vim
1224 1880 1271 1909 ac
1300 1868 1456 1923 pondus
1483 1868 1640 1910 habet.“

172 1942 261 1982 Vid.
291 1942 453 1999 Geelius
477 1953 569 1995 pag.
598 1942 666 1982 80.
697 1964 753 1972 -
784 1941 904 1993 Quod
938 1952 1038 1981 vero
1080 1941 1130 1981 ad
1172 1942 1359 1996 exiguam
1392 1942 1639 1997 Protpgorae

168 2016 303 2057 subito
333 2014 495 2071 dicendi
520 2014 782 2065 facultatem,
815 2015 865 2055 de
895 2026 972 2068 qua
1003 2025 1111 2055 nunc
1138 2015 1294 2070 agitur,
1324 2016 1483 2067 attinet,
1517 2016 1636 2057 immo

169 2100 286 2140 quam
319 2089 493 2129 maxime
526 2100 586 2128 ea.
619 2088 794 2129 valuisse
836 2086 942 2127 illum
972 2086 1080 2133 Plato
1114 2086 1437 2127 manifestissime
1475 2089 1637 2128 indicat.

167 2160 248 2201 Iam
268 2162 395 2214 primo
412 2152 602 2213 colloquii
619 2159 732 2201 initio
748 2165 861 2213 (pag.
877 2157 972 2199 316.
988 2158 1258 2209 CJSocratem
1271 2153 1496 2214 novumque
1516 2159 1637 2201 disci-

169 2235 298 2286 pulum
315 2234 439 2286 longa
459 2234 644 2274 oratione
661 2233 827 2284 excipit,
858 2244 935 2284 qua
955 2232 1005 2272 de
1026 2232 1199 2284 priorum
1218 2228 1470 2285 saeculorum
1494 2234 1635 2286 sophi-

169 2307 241 2349 stis
267 2305 460 2358 ·disputat.
494 2303 675 2346 ,Deinde
707 2304 884 2345 Socratis
911 2303 1197 2346 dubitationem
1231 2304 1281 2345 de
1308 2306 1453 2346 virtute
1487 2310 1633 2352 motam

169 2389 264 2416 num
302 2377 439 2417 doceri
476 2378 619 2429 possit,
649 2376 782 2417 subito
805 2376 989 2416 oratione
1011 2387 1098 2416 uno.
1116 2380 1260 2417 tenore
1289 2367 1411 2430 longe
1440 2376 1635 2429 producta

166 2460 299 2503 eaque
316 2449 428 2490 vario
438 2449 570 2500 ‚modo
591 2453 786 2490 exornata
807 2448 994 2503 refellere
1018 2453 1201 2498 conatur,
1227 2448 1348 2493 modo
1379 2447 1486 2507 λόγῳ
1502 2454 1632 2502 utens,

168 2524 293 2565 modo
310 2520 439 2577 μύθῳ
453 2528 567 2576 (pag.
580 2523 676 2564 320.
691 2522 720 2563 C
736 2526 775 2566 et
788 2534 825 2575 q.
843 2529 994 2575 seqq.).
1015 2523 1107 2571 ,Qua
1122 2522 1308 2563 facultate
1322 2522 1407 2563 eius
1426 2524 1629 2564 orationes

165 2596 272 2637 haud
293 2594 507 2636 meditatas
525 2595 715 2636 fundendi
736 2595 849 2649 quasi
869 2596 1075 2636 attonitum
1103 2595 1168 2635 diu
1189 2606 1235 2635 se
1253 2595 1427 2644 astitisse
1438 2597 1631 2638 Socrates

166 2671 222 2711 ait
237 2681 329 2723 pag.
344 2654 442 2709 3258.
459 2667 492 2708 D
514 2668 639 2708 oculis
656 2670 695 2708 in
717 2670 841 2713 virum
863 2668 1002 2721 defixis
1021 2679 1226 2722 aegreque
1242 2673 1413 2710 mentem
1434 2670 1631 2722 collegis-

166 2756 225 2784 se.
258 2745 390 2796 Atque
420 2741 484 2782 isti
516 2745 716 2781 oratorum
745 2742 1148 2794 consuetudini,-qua
1178 2741 1434 2795 longissimas
1468 2741 1626 2795 quidem

164 2818 373 2863 orationes
419 2819 585 2856 nectere
628 2816 805 2867 possint,
846 2816 918 2856 sed
951 2817 1187 2867 interrogati
1218 2814 1324 2869 quod
1354 2814 1628 2868 respondeant

164 2902 247 2931 non
275 2889 470 2939 habeant,
494 2888 603 2937 Plato
633 2886 775 2942 irridet
801 2888 908 2929 Prot.
940 2900 1031 2941 pag.
1060 2887 1154 2932 328.
1183 2888 1236 2931 E:
1266 2889 1358 2930 Kal
1382 2886 1464 2942 γάρ
1497 2888 1629 2941 εἰμέν
