1871 3204
805 139 1171 182 —102—

253 262 509 303 fundamenta
543 261 605 300 vel
636 272 688 300 ex
721 260 857 313 primis
892 262 979 301 eius
1010 259 1167 312 placitis
1196 269 1392 311 apparere
1426 270 1513 311 cap.
1549 257 1577 299 1.
1608 260 1647 307 §-
1682 256 1716 297 1.

252 337 530 377 indicavimus.
589 334 674 382 Qua
709 334 760 374 de
800 346 845 374 re
886 344 973 374 cum
1017 344 1100 373 non
1130 343 1271 372 omnes
1298 342 1453 371 mecum
1486 331 1717 371 consentire

254 410 402 459 sciam,
445 407 547 448 haec
584 408 768 460 quaestio
811 406 944 460 paullo
975 397 1204 452 accuratius
1235 402 1441 445 tractanda
1473 404 1561 443 erit.
1619 405 1719 445 Sunt

253 481 358 521 enim
387 480 453 533 qui
481 480 743 534 Protagoram
767 467 995 520 Democriti
1024 479 1160 519 dicant
1187 481 1443 527 sectatorem,
1473 476 1587 517 euius
1616 487 1716 517 sen-

250 553 399 593 tentiae
444 554 560 606 primi
605 558 794 594 auctores
823 553 1000 600 ,fuerunt
1039 551 1285 596 fabulatores
1323 550 1377 591 illi
1405 550 1472 590 lib.
1501 549 1529 590 1.
1564 561 1652 601 cap.
1680 549 1710 589 Ι.

251 627 292 665 in
323 637 493 665 examen
536 626 683 665 vocati.
744 626 1044 677 Atqueeorum
1077 608 1343 681 fififfleelius
1371 621 1617 675 potissimum
1648 621 1713 661 ni-

249 698 378 747 titur,
406 698 471 749 qui
501 708 594 750 pag.
625 697 693 738 86.
736 698 874 750 paucis
914 696 1076 749 verb'im.
1091 706 1176 736 rem
1218 695 1400 749 tetigisse
1431 693 1529 735 satis
1559 692 1709 733 habet:

249 769 469 821 „Hauserat
499 770 575 809 iam
593 803 603 823 ‚
647 770 754 809 sicut
786 782 810 808 e
837 781 959 821 supra
993 768 1202 821 disputatis
1231 767 1433 820 apparuit,
1471 765 1713 819 Protagoras

249 853 272 881 e
300 840 555 881 Democritea
588 840 796 893 disciplina
824 852 913 880 eam
947 840 1152 881 dubitandi
1183 841 1403 890 rationem,
1449 849 1551 890 quae
1577 849 1710 878 rerum

248 914 456 953 veritatem
482 912 679 953 tolleret«
734 913 859 964 Supra
894 913 1091 965 disputata
1125 917 1257 951 autem
1290 911 1354 951 illa
1382 922 1483 963 quae
1506 910 1603 950 dicit
1622 921 1711 950 cum

248 985 345 1026 nihil
375 985 454 1026 sint
483 985 562 1025 nisi
595 984 766 1025 fabellae
803 985 930 1035 istae,
973 983 1115 1038 quibus
1152 983 1393 1037 Protagoras
1422 995 1445 1024 a
1479 981 1708 1024 Democrito

247 1057 509 1111 philosophus
540 1069 563 1097 e
593 1057 725 1097 baiulo
758 1056 887 1098 factus
917 1069 1009 1097 esse
1038 1061 1234 1107 narratur,
1264 1056 1340 1098 hac
1372 1056 1531 1108 quidem
1554 1066 1577 1094 e
1598 1058 1710 1107 parte

247 1129 343 1170 nihil
372 1129 535 1183 probari
568 1134 711 1182 potest.
770 1129 1074 1171 Similitudinem
1116 1133 1276 1180 autem,
1320 1140 1436 1181 quam
1463 1127 1709 1181 Protagorae

247 1203 354 1242 inter
398 1201 605 1242 dubitandi
646 1202 842 1241 rationem
885 1206 1004 1254 atque
1050 1201 1270 1250 Democriti
1313 1200 1568 1241 intercedere
1611 1199 1709 1240 dicit

254 1273 418 1314 Geelius
436 1304 448 1324 ,
495 1278 529 1313 si
561 1273 789 1327 diligentius
818 1274 1100 1326 perpenderis,
1140 1274 1341 1326 perlevem
1371 1283 1465 1313 esse
1493 1271 1712 1325 apparebit.

246 1344 326 1385 Sed
372 1356 460 1384 cum
501 1344 662 1385 Geelius
704 1345 943 1385 sententiam
984 1356 1096 1385 suam
1139 1345 1379 1385 indicaverit
1416 1344 1549 1397 potius
1588 1329 1704 1396 quam

247 1417 521 1470 explicaverit,
552 1429 631 1471 ego
661 1429 820 1471 quoque
848 1416 987 1459 falsam
1020 1429 1112 1459 esse
1139 1417 1244 1458 illam
1275 1422 1392 1471 atque
1423 1416 1706 1458 diversissimis

247 1490 453 1542 utriusque
486 1484 773 1530 dubitationem
807 1489 878 1530 niti
907 1489 1172 1530 fundamentis
1200 1489 1404 1530 indicasse
1442 1490 1482 1530 in
1512 1498 1705 1543 praesens

247 1563 345 1603 satis
373 1562 506 1603 habeo
535 1562 586 1602 ad
616 1575 665 1603 ea
694 1572 797 1616 quae
829 1562 958 1615 paullo
990 1562 1093 1603 inl'ra
1124 1563 1333 1615 disputabo
1365 1562 1557 1603 lectorem
1590 1561 1706 1602 dele-

247 1646 361 1688 gans.
418 1634 535 1688 Aspud
568 1634 746 1675 Geelium
777 1645 876 1676 vero
916 1635 1098 1687 proxime
1138 1639 1380 1688 sequuntur:
1420 1634 1539 1686 „Erat
1574 1638 1706 1675 autem

246 1711 327 1747 tum
351 1708 543 1759 temporis
579 1708 770 1759 imprimis
807 1708 848 1747 in
876 1707 1022 1760 Magna
1052 1707 1222 1748 Graecia
1253 1711 1293 1747 et
1318 1707 1453 1753 Sicilia
1481 1707 1705 1747 uberrimus

244 1783 465 1833 proventus
501 1779 829 1832 philosophorum
868 1779 1152 1833 physicorum,
1193 1780 1260 1833 qui
1304 1779 1355 1820 de
1395 1791 1527 1820 rerum
1562 1783 1705 1819 natura

243 1862 325 1892 non
354 1851 452 1892 satis
481 1851 682 1892 intellecta
715 1852 959 1905 disputantes
1005 1864 1093 1893 cum
1135 1852 1265 1893 solida
1306 1852 1562 1892 fundamenta
1605 1863 1704 1892 suae

241 1924 520 1978 philosophiae
546 1925 810 1965 substernere
840 1937 921 1965 non
948 1929 1127 1977 possent,
1153 1937 1241 1966 eam
1272 1936 1402 1967 vanae
1418 1917 1702 1976 captiosaeque

243 1997 480 2039 dialecticae
511 1997 740 2039 adiumento
770 1999 950 2040 stabilire
981 2003 1241 2049 conarentur,
1273 1999 1505 2051 quibuscum
1532 2003 1575 2038 ut
1603 2009 1703 2051 pro-

241 2069 375 2133 babile
402 2076 465 2111 est
492 2071 753 2125 Protagoram
782 2071 907 2111 fuisse
937 2075 1163 2123 versatum,
1203 2071 1257 2111 ita
1287 2075 1429 2124 sponte
1460 2070 1704 2125 intelligitur,

239 2143 368 2183 virum
400 2143 510 2183 bono
539 2143 731 2198 ingenio,
769 2155 903 2197 neque
929 2148 1063 2185 tamen
1094 2143 1280 2185 diuturno
1310 2143 1586 2198 philosophiae
1614 2147 1703 2185 slu-

240 2215 308 2256 dio
340 2216 522 2267 subacto,
550 2215 625 2257 sed
653 2217 885 2257 rhetoricae
910 2217 1271 2258 studiosissimum:
1306 2217 1413 2257 hunc
1439 2218 1561 2270 igitur
1578 2216 1702 2257 Elea-

239 2290 344 2329 ticae
378 2289 550 2329 maxime
580 2289 996 2331 rationi-adhaesisse
1024 2290 1166 2344 quippe
1204 2301 1279 2331 suo
1309 2289 1478 2330 consilio
1509 2290 1703 2343 imprimis

247 2361 577 2401 accomodatae.“
634 2361 715 2401 Sed
737 2362 829 2414 quid
847 2362 1093 2415 Protagorae
1124 2374 1212 2402 cum
1239 2362 1427 2402 Eleaticis
1456 2360 1703 2413 philosophis

241 2443 451 2473 commune
492 2432 613 2474 fuerit
656 2434 842 2487 equidem
881 2438 992 2475 certe
1029 2445 1112 2475 non
1150 2434 1381 2488 perspicio:
1428 2444 1593 2486 quorum
1634 2432 1700 2474 ille

235 2509 401 2559 propter
433 2511 635 2548 aeternum
666 2508 838 2549 omniurn
867 2520 1011 2553 retum
1028 2508 1175 2565 ttuxum
1204 2507 1303 2548 nihil
1321 2519 1414 2563 esse
1430 2508 1563 2548 statuit
1577 2518 1699 2560 prae-

234 2583 298 2619 ter
325 2578 452 2632 ipsam
483 2580 716 2631 motionem,
747 2580 810 2621 his
839 2581 965 2634 ipsum
981 2559 1098 2637 volgae
1112 2580 1154 2622 id
1179 2581 1303 2622 visum
1333 2584 1407 2630 est,
1435 2580 1541 2634 quod
1569 2579 1696 2621 solum

234 2656 350 2692 esset
374 2662 614 2704 semperque
643 2653 897 2697 immutabile.
957 2639 1110 2702 andsi
1134 2654 1256 2708 igitur
1277 2653 1521 2707 Protagorae
1550 2652 1698 2693 rationi

232 2722 504 2764 Eleaticorum
550 2726 633 2763 tota
674 2729 760 2765 erat
800 2725 1026 2776 contraria,
1066 2724 1156 2779 quis
1195 2724 1444 2778 sophistam,
1485 2728 1528 2765 ut
1565 2734 1695 2763 vanae

231 2797 519 2850 captiosaeque
552 2795 789 2837 dialecticae
816 2798 1045 2839 adiumento
1074 2798 1364 2851 philosophiam
1392 2809 1504 2839 suam
1535 2790 1693 2837 stabili-

229 2873 306 2921 ret,
338 2868 532 2911 Eleaticis
562 2868 799 2910 adhaesisse
827 2870 992 2923 credat,
1036 2881 1125 2912 cum
1168 2871 1327 2924 propria
1356 2870 1489 2923 ipsius
1508 2869 1692 2923 philoso-
