1871 3204
715 120 780 131 -—
851 97 943 143 1⁷5
1025 118 1086 127 -

173 217 330 263 to'v'tw
348 221 436 280 Ἰποῦ’
455 220 582 275 λόγου
608 221 725 275 μάλα
755 222 1014 278 ἐρρωμένως.
1053 222 1164 270 Quae
1196 220 1404 262 Herbstius
1434 228 1524 273 paig.
1547 220 1638 261 129.

158 293 229 332 -de
254 293 482 347 Protagora
504 299 641 336 sectae
670 295 1038 348 perniciosissimae
1067 295 1277 336 conditore
1307 298 1509 349 nugatur,
1553 292 1638 333 Ga-

175 363 257 405 leni
289 351 423 408 ver-bis
452 377 532 407 non
566 365 778 407 intellectis
808 366 1006 407 nituntur:
1035 366 1146 419 „Und
1174 367 1284 409 ward
1315 379 1362 407 so
1394 367 1469 407 der
1498 365 1638 406 Stilter

177 437 294 488 einer
315 436 442 485 Sekte
472 439 634 489 (Galen.
663 436 782 493 περὶ»
804 437 1047 493 φιλοσόφου
1077 436 1266 493 ἱστορίας
1294 450 1328 480 e.
1345 439 1407 497 ⁴2:
1426 483 1428 486 ,
1448 440 1641 491 Πρωτα-

175 506 305 564 γόρας
332 508 539 565 συσπᾰτης
564 511 643 563 ςτῆς
671 506 779 568 nard
810 510 1067 563 φιλοσοφίαν
1094 511 1261 563 τέχνης)
1304 511 1428 551 deren
1466 511 1530 557 ffir
1555 510 1640 551 Le-

176 581 257 622 ben
296 572 377 623 und
403 583 514 624 Staat
548 573 932 634 unheilbringendes
962 580 1156 623 Wirken‘f
1184 586 1226 624 et
1252 594 1293 635 q.
1327 594 1439 636 seqq.
1497 583 1639 624 Galeni

176 654 376 707 sententia
411 659 495 696 est:
536 653 801 707 „Protagoras
839 651 1028 694 conditor
1059 654 1156 694 artis
1195 653 1451 712 philosophia*
1482 657 1640 697 nixae!

178 750 234 759 -
266 726 450 769 Ceterum
496 725 615 770 facile
643 725 796 778 credo,
841 725 1032 779 plurimos
1062 725 1332 780 Prota-gorens
1373 724 1470 768 nillil
1501 733 1641 781 protu-

182 799 280 841 lisse
312 800 388 842 nisi
415 798 597 850 λεξείδια
632 809 680 839 ac
708 795 969 853 θεωρήματα
988 828 1001 850 ,
1040 810 1143 852 quae
1173 799 1378 853 Epictetus
1417 800 1513 841 dicit
1550 814 1640 856 pag.

186 872 279 913 172.
306 872 332 913 1.
359 872 384 913 l.
403 871 533 915 Bous.
552 871 725 913 >Theaet.
763 872 852 913 179.
876 870 929 924 E,
962 871 1056 916 180.
1085 872 1137 925 A,
1167 872 1210 913 Β.

264 1093 352 1135 lam
368 1104 482 1147 vero,
508 1097 551 1135 ut
565 1092 752 1134 hocloco
771 1091 863 1146 quid
896 1092 947 1132 de
962 1092 1181 1146 Protagora
1194 1093 1446 1134 statuendum
1463 1093 1645 1135 videatur

180 1168 321 1219 paucis
349 1167 700 1221 comprehendam,
727 1167 796 1221 qui
827 1179 879 1208 ex
908 1166 1083 1210 Platonis
1110 1166 1276 1221 dialogo
1304 1179 1397 1208 eum
1428 1167 1644 1217 aestimare

177 1240 379 1280 voluerint
420 1251 501 1280 non
541 1240 720 1293 adhibita
743 1251 917 1286 'summa
960 1239 1178 1291 cautione,
1226 1252 1389 1295 avere
1428 1241 1644 1282 aberrasse

175 1293 298 1365 ⁸quam
329 1311 563 1366 longissime
606 1314 781 1365 apparet.
824 1310 955 1364 Apud
985 1310 1187 1352 Platonem
1229 1312 1334 1353 enim
1374 1311 1463 1353 talis
1493 1312 1641 1365 prodit,

181 1385 266 1437 qui,
297 1396 519 1437 quanquam
547 1384 597 1425 ab
625 1384 852 1424 hominibus
881 1383 1064 1424 omnibus
1093 1388 1135 1443 ut
1162 1385 1272 1425 Deus
1300 1384 1549 1436 celebratur,
1576 1390 1643 1426 ta-

177 1469 269 1497 men
310 1468 441 1510 neque
479 1457 566 1509 ipse
607 1468 658 1497 ea
687 1455 898 1507 doctrina,
940 1466 1059 1509 quam
1088 1443 1178 1496 aliis
1207 1467 1253 1496 se
1282 1456 1513 1498 tradi-turum
1544 1468 1642 1509 pro-

165 1530 313 1580 ·mittit,
346 1529 520 1569 ⁴imbutus
557 1532 644 1577 est,
688 1540 819 1580 neque
861 1531 951 1568 eam
988 1531 1097 1568 tenet
1126 1529 1357 1581 exponendi
1388 1528 1641 1583 disputandi-

177 1613 256 1655 que
289 1603 419 1652 viam,
463 1614 579 1655 quam
618 1600 721 1642 inire
761 1599 879 1641 decet
914 1599 1206 1653 philosophum.
1268 1601 1381 1650 Quae
1417 1602 1504 1655 ipse
1543 1614 1644 1655 pro-

175 1675 284 1726 fert,
332 1678 423 1715 sunt
459 1674 650 1727 pleraque
688 1673 803 1719 dicta>
839 1684 891 1714 ex
927 1672 1032 1714 vitae
1074 1673 1323 1726 experientia
1364 1678 1519 1725 sumta,
1556 1674 1643 1716 loci
1724 1709 1734 1715 .

178 1756 424 1797 communes,
454 1746 706 1786 arbitrarium
737 1746 776 1785 in
807 1732 967 1785 modum
988 1747 1272 1798 coagmentati,
1299 1746 1402 1786 nulla
1433 1752 1543 1787 certa
1575 1760 1643 1787 ra-

129 1822 132 1825 ’
177 1820 288 1874 tione
321 1817 537 1859 moderati.
593 1816 804 1865 Attamen,
850 1816 917 1868 qui
949 1827 1052 1870 qaae
1090 1815 1141 1859 de
1183 1818 1415 1858 auctoribus
1443 1817 1642 1873 Protago-

178 1903 250 1933 rac
278 1889 556 1945 cognoscendi
584 1889 846 1931 disseruimus
874 1888 1040 1940 tenebit,
1069 1890 1104 1930 is
1130 1890 1200 1930 vix
1219 1891 1406 1931 temerius
1427 1889 1640 1932 iudicatum

178 1967 302 2016 putet,
331 1962 455 2004 fuisse
484 1974 574 2003 eum
605 1961 905 2015 philosophum,
932 1962 1046 2002 cuius
1077 1961 1221 2014 placita
1252 1963 1290 2002 in
1322 1963 1534 2015 rationem,
1562 1975 1640 2016 qua

178 2018 423 2078 Graecorum
453 2033 704 2087 philosophia
732 2044 951 2086 progressa
982 2038 1059 2081 est,
1093 2045 1275 2087 magnam
1306 2034 1383 2074 vim
1413 2034 1640 2085 habuerint,

177 2108 418 2161 maximique
449 2119 556 2148 nunc
586 2107 665 2147 sint
692 2105 892 2147 momenti.
911 2105 962 2146 ad
991 2104 1094 2146 illam
1123 2109 1279 2159 penitus
1295 2106 1639 2159 perspiciendam3

174 2181 475 2236 grammaticum
520 2179 825 2233 sagacissimum
871 2179 1067 2232 huiusque
1114 2178 1347 2231 disciplinae
1393 2191 1539 2233 magna
1586 2192 1639 2222 ex

175 2258 288 2307 parte
326 2257 561 2301 auctorem3
602 2251 699 2292 artis
730 2250 947 2303 politicae,
990 2251 1178 2304 imprimis
1210 2250 1464 2303 rhetoricae,
1508 2254 1642 2307 magi-

178 2331 303 2368 strum
334 2325 437 2367 illius
468 2323 658 2377 temporis
689 2321 864 2373 omnium
897 2324 1273 2374 celebratissimum3
1298 2325 1428 2365 virum
1457 2324 1642 2378 denique,

173 2399 286 2439 cuius
322 2397 569 2451 probitatem
615 2406 849 2448 morumque
901 2396 1169 2443 sinceritatem
1214 2395 1361 2437 frustra
1410 2397 1641 2440 detrectare

176 2470 309 2510 conati
350 2470 429 2510 sint
440 2483 452 2519 ;
490 2480 542 2509 ne
586 2467 733 2508 multa:
775 2467 902 2508 fuisse
935 2480 1025 2508 eum
1061 2466 1278 2519 sophistam
1310 2481 1363 2509 ex
1392 2482 1488 2510 vera
1521 2475 1639 2522 atque

172 2543 333 2596 antiqua
375 2540 490 2581 verbi
524 2541 718 2590 notione,
763 2551 892 2593 neque
934 2539 1258 2580 confundendum
1293 2553 1382 2584 cum
1411 2542 1636 2583 hominibus

175 2616 291 2667 istis,
339 2624 503 2667 quorum
543 2623 710 2655 numero
748 2612 867 2653 etiam
908 2611 1100 2653 Prodicus
1139 2617 1233 2654 ante
1273 2613 1492 2667 praclarum
1533 2612 1638 2654 illam

175 2686 381 2739 Welckeri
413 2685 690 2744 defensionem
723 2686 918 2724 immerito
945 2684 1237 2727 ascribebatur.

283 2757 362 2800 Sed
394 2761 519 2799 restat
547 2762 588 2798 ut
617 2767 862 2811 exponamus
894 2755 943 2795 de
975 2756 1181 2810 sophistae
1211 2758 1379 2809 seriptis.
