1871 3204
755 141 1114 185 —101-

203 267 336 307 tione:
381 276 470 306 nam
497 263 658 318 proprie
685 265 841 319 quidem
874 275 976 305 unus
1003 264 1172 317 quisque
1203 264 1303 304 civis
1336 263 1492 303 virtutis
1523 262 1659 314 politi-

205 349 278 379 cae
304 349 377 391 pro
407 338 556 379 viribus
589 338 677 379 suis
712 337 902 398 maginu-
931 341 1021 381 em,
1068 335 1140 377 sed
1171 336 1205 376 si
1237 337 1325 389 quis
1354 319 1543 376 facultate
1575 337 1660 374 vir-

204 413 325 450 tutem
355 410 527 451 docendi
555 411 701 450 ceteris
729 408 962 467 m
970 406 1233 465 ὕηῃαξιεῑοι·
1262 412 1323 447 est
1351 406 1658 460 praeferendus.

202 484 384 534 Quorum
408 496 500 525 oum
529 494 608 536 ego
638 465 1070 555 ummmfflv,
1101 472 1326 524 hominibus
1368 481 1550 522 virtutem
1592 491 1657 520 me

194 556 355 597 docere
386 556 591 609 profiteor,
624 555 647 594 d
1041 556 1202 606 isquam
1222 554 1344 605 exigo
1361 554 1457 594 satis
1479 555 1655 607 dignam.

200 652 254 659 —
284 628 339 668 lta
369 628 455 682 fere
484 626 731 677 Protagoras>
780 616 987 670 'fame
987 623 1207 689 &ww-328.
1236 623 1279 664 C.

316 698 478 738 Virtutis
506 700 661 750 partes,
700 696 760 736 si
828 693 837 706 ⁶
903 689 1051 735 ‘haee
1082 706 1239 748 quoque
1274 700 1365 736 sunt
1394 696 1653 749 Protagorae,

201 771 334 810 statutt
353 770 554 822 quinque:
587 765 877 822 σωφροσύνην,
906 765 1190 822 δικαιοσυνην,
1219 764 1430 822 ὁσιότητα,
1463 768 1652 822 α’νδρίαν,

197 840 363 894 σοφιάν.
421 838 513 892 Pag.
544 837 637 880 349.
669 832 823 879 Bz³Hv
854 839 915 887 δέ,
950 837 1007 886 ὥς
1035 833 1206 895 ἐγῷμαι,
1235 837 1280 880 τὸ
1311 836 1509 893 ἐρώτημα
1540 837 1652 879 τόδε·

194 912 325 965 σοφιά
352 909 424 951 καί
440 909 692 966 σωφροσύνη
719 909 790 952 καί
815 909 968 963 ἀνδρία
997 912 1069 951 καί
1100 911 1343 965 δικαιοσύνη
1370 908 1444 950 καί
1471 908 1651 965 ὁσιότης,

194 982 365 1036 πότερον
392 983 546 1035 ταῦτα,
570 984 692 1024 πέντε
724 998 824 1023 οντα
802 980 1062 1069 ὀνόματα,
1094 982 1165 1022 ἐπι
1191 976 1258 1022 ἔνι
1285 981 1502 1034 πράγματί
1525 982 1652 1033 ἐστιν,

193 1124 298 1167 ἀλλὰ
328 1127 501 1168 ἕκαστον
534 1126 625 1183 ἰδίῳ
654 1126 866 1181 πράγματι
907 1125 990 1166 τῶν
1032 1124 1251 1175 ὀνομάτων
1286 1123 1448 1165 τούτων
1491 1125 1649 1166 ἐπικεῖ-

194 1201 311 1252 σθαι,
340 1198 474 1238 πάντα
503 1198 549 1239 δὲ
575 1199 708 1238 ταῦτα
737 1197 868 1250 μόρια
886 1193 994 1238 εἶναι
1012 1195 1179 1248 α’ρετῆς,
1209 1196 1287 1248 οὐχ
1304 1195 1361 1243 ὥς
1381 1196 1432 1237 τὰ
1447 1199 1647 1250 τοῦχρυ..

195 1270 272 1309 σοῦ
300 1265 431 1322 μόρια
463 1263 730 1320 ὅμοιά“ε’στιν
763 1267 958 1321 α’λλήλοις
988 1264 1061 1308 καί
1093 1265 1148 1323 τῷ
1178 1261 1260 1323 ὅλῳ
1290 1259 1340 1307 οὗ
1355 1265 1485 1320 μόριά
1519 1269 1645 1317 ἐστιν,

192 1338 283 1380 ἀλλ’
313 1339 370 1388 ὥς
395 1338 445 1381 τά
476 1341 552 1380 τοῦ
581 1336 809 1391 προσώπου
836 1337 969 1390 μόρια
1002 1340 1075 1379 καί
1099 1339 1155 1394 τῷ
1186 1334 1267 1395 ὅλῳ
1294 1332 1347 1378 οὖ
1371 1335 1504 1392 μόριά
1534 1340 1648 1380 ἐστιν

190 1412 262 1453 καί
293 1410 487 1464 ἀλλήλοις
525 1407 706 1462 α’νόμοια
746 1410 859 1450 ΐδιάν
899 1408 1051 1450 ἕκαστα
1080 1409 1258 1461 δύναμιν
1288 1408 1456 1462 ἔχοντα.
1492 1437 1548 1444 -
1580 1413 1643 1453 D:

190 1484 300 1524 Ἀλλ’
329 1482 407 1535 ἐγώ
437 1497 531 1535 σοι,
573 1481 684 1537 ἔφη,
722 1476 920 1535 λέγω,μῶ
952 1482 1173 1534 Σώκρατες
1192 1513 1202 1531 ,
1250 1478 1312 1523 ὅτι
1340 1484 1472 1524 ταῦτα
1505 1483 1644 1525 πάντα

187 1552 319 1608 μόρια
361 1557 438 1607 μέν
484 1555 595 1596 ἐστιν
638 1553 789 1608 α’ρετῆς
817 1558 858 1595 et
884 1566 922 1607 q.
954 1566 988 1597 S.
1045 1554 1125 1595 Cfr.
1155 1567 1246 1608 pag.
1278 1555 1374 1596 329.
1407 1555 1438 1596 C
1464 1581 1520 1588 —
1547 1556 1644 1598 330.

190 1626 370 1667 Omnium
401 1627 779 1678 praestantissimam
820 1625 941 1667 habet
967 1629 1123 1681 σοφίαν
1152 1637 1267 1680 (pag.
1300 1627 1396 1669 329.
1420 1628 1481 1669 E:
1522 1622 1644 1670 ’Ἐστι

187 1697 266 1752 γὰρ
296 1694 369 1739 οὖν
398 1699 471 1738 καί
500 1698 633 1738 ταῦτα
663 1696 793 1750 μόρια
822 1700 894 1752 τῆς
920 1698 1098 1752 ἀρετῆς,
1144 1697 1252 1754 ἔφην
1280 1698 1361 1753 ἐγώ
1382 1731 1395 1752 ,
1435 1704 1566 1756 σοφιά
1598 1716 1643 1742 τε

186 1769 259 1810 καί
284 1770 460 1823 α’νδριάς
490 1768 676 1810 Πάντων
693 1768 875 1822 μάλιστα
906 1767 1059 1823 δήπου,
1088 1769 1184 1825 ἔφη,
1215 1773 1288 1813 καί
1315 1772 1514 1826 μέγιστόν
1540 1788 1587 1826 γε
1615 1772 1644 1827 ἤ

186 1843 318 1895 σοφία
346 1842 430 1881 τῶν
454 1842 628 1894 μορίων.
685 1840 800 1881 Conf.
826 1852 917 1894 pag.
940 1841 1036 1884 359.
1067 1829 1139 1891 D),
1170 1846 1236 1891 et,
1265 1848 1307 1884 ut
1337 1843 1507 1897 videtur,
1537 1858 1641 1887 ean-

186 1913 276 1954 dem
308 1918 427 1966 atque
454 1913 697 1966 ἑπιστήμην,
735 1925 822 1953 cum
852 1925 942 1966 pag.
972 1914 1071 1955 330.
1103 1914 1133 1954 Β
1165 1913 1372 1968 ἐπιστήμη
1401 1928 1478 1968 pro
1504 1918 1637 1971 σοφία

183 1992 225 2027 et
251 1978 457 2040 pags352.
478 1986 510 2026 D
541 1987 695 2040 σοφίαν
725 1986 800 2026 καί
824 1982 1053 2040 ἐπιστήμην
1083 1986 1189 2027 dicat
1216 1985 1385 2029 πάντων
1415 1984 1636 2042 κράτιστον

183 2058 266 2099 τῶν
295 2055 568 2112 ἅνθρωπεάρν
598 2053 863 2109 πραγμάτων.
895 2081 949 2089 -
978 2058 1052 2105 Qui
1079 2058 1197 2111 igitur
1224 2057 1424 2109 ἀνδρίαν,
1463 2075 1636 2114 σωφρο-

183 2127 325 2183 σύνην,
353 2128 632 2182 δικαιοσύνην,
664 2127 874 2182 ὁσιότητα,
903 2132 1059 2184 σοφιάν
1076 2131 1152 2171 sibi
1174 2132 1386 2183 paraverit,
1415 2132 1450 2172 is
1469 2127 1531 2172 est
1550 2133 1633 2173 vir-

182 2205 262 2242 tute
275 2202 500 2250 instructus,
512 2212 588 2253 qua
606 2202 777 2241 omnium
793 2212 926 2241 rerum
943 2201 1038 2242 nihii
1054 2203 1318 2255 praestantius
1332 2211 1444 2258 (pag.
1456 2203 1552 2246 349.
1564 2204 1635 2257 E.)

289 2274 350 2315 De
378 2273 621 2327 Protagorae
651 2272 810 2326 scriptis
827 2303 839 2325 ‚
869 2284 972 2326 quae
1003 2273 1054 2316 ad
1081 2274 1253 2317 ethicam
1283 2277 1512 2330 pertinent,
1548 2278 1630 2323 vid.

181 2345 247 2388 tib.
279 2346 343 2388 lv.
373 2358 462 2401 cap.
489 2346 553 2388 111.

746 2526 949 2562 cml-111·
975 2529 1061 2563 lv.

288 2637 370 2679 lam
398 2649 496 2679 vero
528 2639 915 2695 oumsmperioribus
946 2642 1142 2694 capitibus
1172 2643 1375 2697 sophistae
1406 2643 1546 2696 placita
1574 2654 1626 2683 ex

176 2713 354 2751 veterum
386 2711 623 2754 testimoniis
654 2713 812 2755 definita
843 2712 936 2766 sint,
968 2712 1020 2754 de
1048 2714 1320 2770 Protagoreae
1350 2714 1625 2769 philosophiae

178 2787 317 2824 natura
346 2788 463 2837 atque
495 2786 662 2834 consilio
693 2787 830 2839 paucis
857 2797 1064 2839 exponere
1091 2788 1225 2830 liceat.

283 2854 517 2906 Heracliteis
535 2868 587 2898 ex
603 2857 778 2901 fontibus
792 2858 1052 2913 Protagoram
1080 2871 1178 2903 suae
1206 2858 1372 2901 rationis
1405 2857 1625 2912 sumpsisse
