1871 3204
738 119 1012 166 ’-1“38
1081 142 1142 150 —

229 245 326 298 quid
360 258 496 286 verum
529 248 639 284 esset
667 254 720 283 ex
740 243 934 283 >similium
966 242 1290 294 comparatione,
1320 254 1436 295 quam
1468 244 1695 298 analogiam

232 318 330 359 dicit
374 315 658 366 Quintilianus,
704 317 745 354 et
788 314 957 354 ratione
993 312 1207 367 expedivit.
1279 312 1392 362 Quae
1435 315 1566 357 studia
1586 328 1694 357 ⁴¹eum

232 390 482 444 ὀρθοεπείας
525 386 689 427 nomine
720 398 743 426 a
773 386 1007 445 quibusdam
1049 386 1339 439 comprehensa
1368 399 1421 428 ex
1444 387 1696 435 «Quintiliano

232 462 525 514 cognorimus,
564 460 699 513 ‘ipsum
745 471 845 500 vero
891 460 1151 513 Protagoram
1200 459 1454 513 ὀρθοέπειαν
1499 459 1698 513 quandam

227 537 423 573 tractasse
452 544 505 572 ex
534 522 700 573 Platone
731 537 936 586 appareat,
964 545 1067 586 quae
1097 532 1224 585 qualis
1255 532 1372 573 fuerit
1402 518 1489 572 aliis
1516 544 1568 572 ex
1598 532 1694 573 fon-

229 605 332 644 tibus
364 616 445 643 non
478 606 768 657 perspiciatur:
804 605 993 649 haudita
1024 606 1148 658 longe
1173 616 1196 644 a
1226 615 1323 645 vero
1354 604 1545 645 aberrare
1576 604 1695 644 vide-

226 688 314 716 mur
356 678 618 730 grammatica
666 677 735 717 illa
770 677 931 728 studia,
975 678 1026 718 de
1066 677 1210 731 quibus
1249 677 1368 718 modo
1412 688 1546 719 sermo
1591 681 1692 727 erat,

223 747 478 801 ὀρθοεπείας
507 750 670 789 nomine
697 749 919 801 sophistam
951 750 1308 803 comprehendisse
1338 753 1571 790 statuenteS.
1610 749 1694 789 Ea-

227 820 317 862 dem
354 821 527 863 sortasse
571 825 633 863 est
666 820 871 863 Welckeri
910 823 1141 872 sententia,
1167 824 1252 876 ‘qui
1281 808 1378 864 Mus.
1412 822 1538 865 Rhen.
1574 822 1692 864 1833.

225 906 317 947 pag.
335 895 430 935 559.
454 899 592 935 annot.
613 894 716 934 163:
750 894 847 946 „Die
871 891 1138 947 dpaos'nsmss,
1168 896 1307 948 inquit,
1336 896 1433 948 „des
1453 896 1694 949 Protagoras

225 966 279 1007 im
307 966 515 1008 Phaedros
546 965 644 1021 geht
675 967 741 1008 die
772 950 1083 1021 grammatische
1099 966 1215 1017 Forrn
1246 972 1334 1018 an“‚
1367 968 1568 1022 Spengelii
1602 980 1694 1020 pag.

225 1039 294 1079 49.
338 1039 537 1089 laudans;
587 1040 721 1091 itaque
772 1043 885 1079 recte
927 1039 1033 1078 idem
1083 1039 1331 1079 Classenium
1378 1040 1691 1092 reprehendisse

223 1110 406 1163 videtur,
446 1112 512 1165 qui
543 1111 796 1167 ὀρθοὲπειαν
830 1112 1119 1165 Protagoream
1150 1112 1320 1153 eandem
1350 1112 1437 1157 fere
1465 1112 1588 1154 fuisse
1615 1125 1693 1165 pu-

223 1188 280 1224 tat
316 1185 383 1236 qui
429 1182 562 1236 ὀρθὸς
604 1184 745 1236 λόγος,
792 1197 814 1224 a
846 1184 940 1224 Plut.
978 1184 1065 1224 Per.
1100 1196 1187 1236 cap.
1216 1184 1395 1224 XXXVI.
1435 1190 1692 1236 memoratuS,

225 1268 313 1297 cum
346 1255 412 1297 ille
456 1256 507 1297 ad
548 1256 683 1309 ipsam,
718 1257 957 1297 sententiam
999 1257 1198 1309 pertineat
1240 1262 1358 1311 atque
1396 1258 1437 1298 in
1478 1258 1694 1298 rhetoricis

226 1329 472 1382 Protagorae
502 1329 646 1369 studiis
674 1329 905 1369 tractandus
935 1330 1011 1379 sit,
1039 1330 1170 1380 haec,
1203 1329 1365 1370 dicendi
1398 1329 1566 1370 formam
1592 1341 1692 1383 spe-

226 1406 356 1453 ctans,
388 1402 426 1442 in
457 1403 744 1455 grammaticis.
803 1402 1067 1444 Nihilominus
1094 1415 1182 1444 cum
1199 1403 1407 1444 Classenio
1436 1404 1477 1444 in
1507 1414 1557 1444 eo
1589 1413 1693 1443 con-

226 1476 382 1526 sentio,
424 1475 654 1527 ὀρθοέπεια
683 1486 766 1515 non
796 1487 889 1515 esse
921 1475 1146 1516 ducendum
1176 1474 1261 1515 α’πὸ
1289 1478 1369 1517 τῶν
1398 1476 1540 1530 ὀρθῶν
1569 1476 1697 1526 ἐπῶν,

227 1552 269 1588 ut
299 1548 518 1589 Lerschius
547 1547 639 1589 libri
667 1548 774 1588 laud.
812 1556 904 1602 pag.
938 1548 1000 1589 18.
1033 1548 1109 1589 ait}
1146 1548 1292 1599 „Diese
1324 1546 1552 1605 ὄρθοέπεια
1582 1548 1694 1599 aber,

228 1620 295 1660 die
335 1620 415 1660 ihm
457 1619 558 1660 auch
602 1621 793 1660 Socrates
835 1621 877 1660 in
917 1620 1067 1660 Platon.
1101 1619 1269 1660 Phaedr.
1300 1631 1391 1672 pag.
1419 1619 1698 1674 82.·beilegt,

227 1693 278 1733 ist
321 1692 441 1733 keine
487 1692 638 1732 andere
685 1691 745 1732 als
784 1692 849 1732 die
879 1691 1009 1735 Lehre
1048 1693 1147 1745 περὶ
1175 1680 1400 1746 ὀρθότητος
1440 1689 1552 1732 ἐπῶν
1594 1692 1696 1732 oder

228 1763 491 1817 dvoua'rwst:
523 1765 631 1806 conf.
664 1764 844 1806 eiusdem
874 1776 965 1819 pag.
988 1763 1135 1805 16:--
1164 1764 1238 1806 sed
1270 1763 1319 1804 ab
1351 1761 1493 1819 ὀρθῶς
1523 1764 1697 1818 ἘΠειν,

229 1842 341 1879 recte
370 1838 589 1891 loquendo,
618 1837 682 1879 vel
710 1838 841 1891 potius
871 1838 920 1878 ab
952 1838 1153 1878 adiectivo
1184 1826 1407 1890 ὄρθοεπὴς.
1447 1837 1545 1877 item
1562 1836 1700 1878 diver-

228 1911 387 1963 sissima
421 1911 601 1951 confudit
628 1911 838 1952 Herbstius
867 1922 959 1964 pag.
993 1912 1097 1950 141:
1143 1910 1223 1962 „Zu
1260 1910 1412 1951 seinem
1436 1909 1698 1951 'Unterrichte

234 1983 417 2038 gehfiren
463 1995 606 2025 ausser
653 1984 726 2025 der
770 1985 959 2024 πολίτεια
1003 1983 1084 2023 und
1127 1983 1200 2023 der
1228 1983 1443 2035 οἰκονομία
1484 1975 1591 2023 noch
1630 1983 1696 2023 die

227 2056 567 2109 grammatischen
610 2050 821 2107 Studien‚'
848 2055 914 2095 die
957 2060 1074 2095 unter
1111 2055 1201 2094 dem
1241 2054 1507 2107 allgemeinen
1544 2054 1696 2094 Namen

227 2126 459 2182 ὅρθοέπεια
486 2129 557 2170 mit
588 2128 786 2183 begriffen
819 2129 923 2179 sind,
955 2128 1003 2168 da
1033 2127 1146 2168 diese
1172 2127 1284 2177 nicht
1309 2126 1442 2179 bloss,
1473 2128 1551 2168 wie
1581 2127 1699 2168 Clas-

231 2212 304 2241 sen
333 2214 371 2254 p.
402 2202 640 2255 290glaubt
659 2232 671 2253 ‚
718 2201 790 2242 auf
816 2200 882 2241 die
909 2199 1089 2253 Sprache
1115 2201 1270 2254 ›gieng‚
1313 2200 1591 2241 sonderndie
1621 2212 1700 2254 ge-

235 2286 340 2315 naue
369 2275 643 2329 Bestimmung
675 2274 748 2327 der
765 2274 897 2317 Sache
932 2274 1073 2327 selbst,
1105 2273 1193 2315 also
1225 2275 1383 2328 einiger
1396 2273 1557 2314 Massen
1585 2275 1699 2315 seine

231 2346 362 2400 Logik
394 2349 495 2389 oder
519 2348 796 2401 Metaphysik,‚
826 2358 947 2408 wenn
977 2347 1086 2406 wir’s
1114 2358 1162 2388 so
1193 2358 1357 2387 nennen
1383 2345 1552 2397 diirfen‚
1591 2345 1700 2386 noch

228 2420 299 2459 mit
329 2420 532 2461 umfasste.
591 2422 645 2463 So
676 2421 792 2461 kann
812 2420 873 2460 sie
901 2419 1059 2460 freilich
1087 2418 1196 2459 noch
1228 2419 1294 2466 die
1307 2417 1448 2471 Kunst,
1472 2417 1587 2457 recht
1617 2416 1699 2458 und

226 2504 363 2545 genau
392 2504 442 2533 zu
469 2493 692 2545 sprechen,
730 2497 913 2548 genannt
953 2492 1146 2543 werden,
1189 2492 1289 2533 aber
1315 2502 1416 2546 nur,
1456 2502 1576 2531 wenn
1606 2502 1700 2532 man

226 2562 416 2619 z'ugleich
445 2564 511 2606 die
540 2566 670 2606 Sache
698 2567 757 2607 als
788 2566 867 2606 den
885 2566 1158 2607 Probierstein
1187 2563 1261 2605 der
1291 2562 1403 2604 Rede
1430 2563 1566 2618 gelten
1588 2563 1698 2604 lasst.

229 2637 304 2679 Ein
334 2637 511 2691 Beispiel
552 2637 615 2678 fiir
647 2639 786 2680 diesen
815 2640 1007 2680 weiteren
1049 2638 1166 2679 Kreis
1209 2636 1284 2678 der.
1315 2636 1546 2690 ὀρθοέπεια
1586 2635 1699 2689 giebt

223 2723 299 2751 uns
327 2710 511 2752 Plutarch
545 2711 597 2750 im
627 2710 764 2751 Leben
796 2713 868 2753 des
900 2711 1078 2752 Perikles
1109 2722 1143 2753 c.
1168 2708 1237 2749 36.
1265 2708 1560 2762 in'folgenden
1572 2696 1701 2747 Wor-'

224 2787 313 2825 ten:
358 2784 614 2827 Πεντάθλου
648 2787 689 2825 et
717 2797 755 2838 q.
788 2777 928 2838 seqq.‚
968 2770 1049 2825 wo*
1073 2796 1149 2824 nur
1185 2776 1249 2823 ein
1283 2782 1457 2823 anderer
1483 2779 1699 2823 Ausdruck

223 2856 346 2909 (κατὰ
379 2855 454 2899 τὸν
483 2856 721 2911 ὀρθότατον
753 2854 893 2912 λόγον)
938 2858 1000 2898 fiir
1030 2852 1261 2910 ὄρθοὲπεια
1291 2859 1453 2909 gesetzt
1490 2854 1571 2906 ist,
1617 2853 1698 2894 wie

1392 3018 1415 3035 Ι
