1871 3204
788 149 982 191 —-*12
1053 168 1114 178 -.

230 273 493 325 Protagoram
527 270 699 310 baiulum
739 269 790 309 ab
819 269 886 309 illo
917 269 1064 309 dictum
1092 280 1186 309 esse
1215 270 1563 313 circumferebant.
1620 270 1700 314 Sed

232 345 326 399 quid
371 346 451 386 hoc
490 343 583 383 mali
625 343 691 383 vel
731 343 888 397 iniqui,
928 342 1100 384 baiulum
1128 341 1268 383 dicere
1305 344 1372 396 qui
1404 344 1561 386 baiulus
1591 346 1701 387 est?

232 418 489 466 Pulmonem‚
531 415 791 468 deceptorem
832 421 873 455 et
909 420 1086 455 scortum
1129 416 1354 468 appellabat
1388 416 1697 469 Nausiphanem,

230 487 488 530 Aristotelem
521 486 748 540 prodigum,
776 486 1143 541 pharmacopolam,
1171 487 1443 529 Democritum
1472 489 1590 543 nugis
1619 502 1697 530 co-

227 561 393 613 gnitum,
428 560 605 612 Cynicos
636 560 884 601 Graecorum
916 560 1117 608 inimicos,
1146 560 1213 613 qui
1241 558 1492 600 dialecticam
1522 572 1698 601 exerce-

231 633 327 673 bant
355 633 519 674 nimium
552 632 725 683 invidos,
756 632 796 673 id
830 645 962 686 genus
991 633 1094 674 alia:
1124 658 1179 666 -
1213 626 1414 674 hominem
1444 618 1542 674 sane
1563 633 1696 686 impu-

230 704 411 746 dentem!
471 705 730 757 Protagoram
762 715 888 752 vero,
931 705 998 756 qui
1038 704 1194 745 baiulus
1235 706 1366 746 fuerat
1406 709 1447 746 et
1484 704 1618 745 scriba
1656 709 1698 745 et

229 776 312 816 ludi
355 778 576 828 magister,
618 775 793 816 baiulum
834 775 959 817 fuisse
997 779 1038 816 et
1066 775 1240 816 scribam
1270 781 1311 817 et
1341 776 1424 817 ludi
1451 778 1696 830 magistrum.

231 848 335 898 Quid
364 848 477 889 tum?
503 847 626 889 Immo
658 848 955 901 quinunquam
984 848 1093 902 ligna
1111 853 1343 902 portaverat
1370 847 1540 890 baiulum
1562 849 1698 889 nomi-

230 933 332 962 nans
359 920 549 974 sugillare
578 919 758 961 volu1sse
788 921 945 965 dicitur.
976 945 1030 954 -—-
1069 922 1149 962 Sed
1178 934 1250 963 cur
1278 921 1486 963 baiulum?
1520 943 1568 951 ——
1598 922 1697 964 Ari-

229 993 401 1034 stoteles
441 994 480 1034 in
514 993 615 1034 libro
657 993 758 1047 περί
794 992 989 1041 παιδείας
1028 994 1178 1046 scripto
1218 993 1453 1034 culcitellam
1496 994 1694 1047 quandam

230 1065 380 1121 (τύλην
408 1066 495 1106 sive
523 1061 717 1119 κοτύλην)
748 1075 771 1103 a
802 1063 1023 1116 Protagora
1053 1063 1255 1119 inventam
1279 1075 1381 1120 'esse
1424 1059 1573 1113 tradita,
1617 1076 1694 1117 qua

230 1143 390 1179 utentes
421 1139 550 1177 minus
581 1141 859 1189 premerentur
886 1135 1027 1188 ouibus
1057 1149 1183 1179 onera
1202 1142 1340 1177 essent
1355 1138 1566 1189 portanda.
1595 1138 1697 1194 Pro-

229 1213 412 1263 tagoram
444 1219 543 1249 vero
575 1207 703 1261 ipsum
737 1205 933 1248 culcitella
964 1208 1039 1248 ista
1069 1207 1213 1249 victum
1247 1208 1324 1250 sibi
1357 1219 1523 1263 parasse
1563 1220 1695 1263 neque

230 1282 471 1322 Aristoteles
502 1293 633 1334 neque
664 1281 775 1321 Plato
803 1281 883 1321 ullo
925 1281 1161 1322 cavillantur
1189 1281 1327 1323 verbo.
1387 1282 1466 1323 Sed
1503 1282 1698 1342 Epicurus

231 1353 313 1395 hoc
339 1353 572 1395 Aristotelis
605 1352 781 1405 dictum,
814 1355 927 1395 cuius
960 1354 1108 1407 primus
1141 1358 1282 1395 auctor
1311 1353 1485 1395 sortasse
1519 1355 1699 1395 comicus

231 1425 389 1477 aliquis,
420 1425 626 1477 amplexus
658 1430 742 1474 est,
783 1437 861 1476 quo
894 1430 1074 1466 uteretur
1105 1425 1155 1465 ad
1183 1426 1443 1478 Protagoram
1473 1426 1523 1467 de
1555 1426 1698 1467 baiulis

232 1496 336 1537 bene
376 1496 558 1537 meritum
596 1494 768 1538 baiulum
813 1496 940 1550 ipsum
980 1496 1206 1538 dicendum.
1279 1496 1342 1538 Ex
1377 1497 1539 1551 Epicuri
1567 1499 1699 1552 -igitur

230 1570 446 1611 maledicto
479 1569 542 1608 vel
570 1570 606 1609 si
638 1570 764 1609 mavis
793 1570 1029 1609 insectantis
1059 1570 1216 1621 aculeo,
1246 1574 1325 1620 aut,
1354 1571 1389 1610 si
1420 1572 1506 1611 iure
1528 1557 1559 1610 'a
1589 1571 1695 1611 Dio-
1724 1560 1727 1564 ’

229 1655 338 1697 gene
375 1641 605 1683 defenditur
634 1647 880 1696 (quanquam
912 1641 962 1682 ab
995 1643 1083 1695 ipso
1114 1654 1274 1696 quoque
1305 1642 1490 1696 Diogene
1522 1642 1590 1683 lib.
1622 1642 1692 1684 lx.

230 1720 267 1766 §.
301 1717 369 1758 53.
389 1716 503 1756 -baec
535 1717 715 1756 narratio
745 1728 797 1755 ex
828 1715 990 1767 Epicuri
1021 1717 1171 1768 scripto
1201 1716 1334 1769 aliquo
1365 1717 1609 1768 repetitur),
1647 1729 1700 1757 cx

232 1788 397 1842 Epicuri
442 1789 695 1829 inimicorum
740 1788 948 1833 calumniis
979 1788 1123 1828 fabella
1167 1794 1294 1830 ortum
1339 1789 1478 1842 duxit,
1518 1791 1646 1844 qualis
1674 1804 1698 1831 a

233 1861 360 1902 Gellio
391 1862 618 1913 ceterisque
655 1862 924 1902 recentiorum
958 1862 1196 1914 scriptorum
1229 1874 1331 1915 quos
1367 1847 1589 1904 memoravi
1619 1876 1698 1903 ex-

233 1939 374 1979 ornata
407 1938 482 1974 est.
1230 1932 1236 1933 ⁷

347 2007 407 2047 De
452 2007 683 2046 Artemonis
728 2007 849 2059 igitur
894 2006 999 2046 vitae
1044 2005 1278 2047 conditione
1320 2006 1418 2047 nihil
1459 2011 1703 2060 compertum

231 2078 439 2133 habemus,
468 2090 599 2131 neque
630 2078 680 2119 de
711 2078 874 2132 reliquis
906 2078 1151 2132 Protagorae
1185 2079 1384 2131 cognatis.

801 2243 1007 2284 carum·
1034 2249 1140 2282 111..

347 2359 464 2407 Quod
493 2359 737 2413 Protagoras
778 2359 828 2400 ab
869 2359 957 2401 aliis
983 2361 1243 2410 Artemonis,
1285 2360 1334 2400 ab
1364 2358 1453 2399 aliis
1479 2357 1698 2402 Maeandrii

234 2430 336 2472 filius
367 2431 522 2484 dicitur,
546 2445 599 2473 ex
627 2433 876 2474 diversorum
906 2433 1268 2486 virorun1„quibus
1288 2432 1533 2485 Protagorae
1556 2442 1703 2472 nomen

234 2507 335 2555 erat,
366 2505 543 2556 patribus
572 2506 612 2546 in
641 2517 761 2546 unum
797 2505 952 2545 collatis
979 2510 1108 2547 ortum
1138 2505 1308 2546 videtur.
1366 2504 1529 2545 Praeter
1557 2502 1701 2549 Abde-

232 2575 349 2617 ritam
378 2576 483 2616 enim
514 2578 578 2630 qui
595 2590 618 2619 a
637 2577 841 2619 veteribus
864 2567 1226 2619 commemorantur
1242 2577 1501 2631 Protagorae,
1517 2579 1704 2630 quattuor

232 2653 325 2691 sunt
359 2648 474 2689 hice:

346 2727 373 2768 1.
434 2726 760 2781 Protayoras
789 2728 1017 2779 stoicus,
1047 2729 1193 2781 dequo
1214 2733 1373 2781 praeter
1389 2706 1715 2779 nomenaDiog.·

232 2801 363 2842 Laert.
395 2801 463 2842 lib.
495 2799 562 2842 lX.
606 2808 642 2850 ς.
675 2801 742 2842 56.
775 2802 990 2843 indicatum
1030 2801 1128 2843 nihil
1167 2801 1275 2854 quod
1319 2802 1443 2843 sciam
1486 2799 1705 2841 memoriae

232 2874 429 2926 proditum
462 2879 536 2916 est.
