1871 3204
881 131 1167 176 ...4—

253 258 392 304 Ionice
420 261 644 304 scribentes
674 263 822 300 tantum
853 260 1033 311 aberant,
1064 264 1107 300 ut
1137 260 1452 313 praeteriissent,
1481 261 1515 301 si
1545 269 1626 310 non
1644 259 1714 301 lo-

253 336 347 376 nica
393 336 528 376 essent
571 332 647 374 usi.
721 332 906 373 Ceterum
950 343 1068 385 quum
1102 332 1163 372 -ita
1209 332 1415 386 utriusque
1457 332 1712 388 cognominis

255 410 364 461 optio
408 406 499 446 data
541 409 676 455 esset,
718 410 760 446 ut
788 405 1069 446 Abderitarum
1099 405 1219 445 etiam
1248 403 1314 445 alii
1339 416 1366 445 a
1395 407 1599 448 veteribus
1625 405 1711 447 Teii

254 481 510 529 dicerentur,
547 477 655 518 velut
684 477 908 518 Hecataeus
939 476 1042 531 apud
1068 476 1304 519 Strabonem
1333 476 1424 518 loco
1453 479 1575 520 modo
1603 477 1714 521 indi,-

253 558 343 593 cato
389 548 521 601 (conf.
565 552 655 593 Car.
693 551 797 605 Frid.
828 551 1043 592 Hermanni
1079 551 1230 591 Abder.
1275 550 1413 591 histor.
1456 550 1711 602 Ephemerid.

250 623 441 664 scholast.
494 623 613 664 1830.
651 628 750 676 part.
786 621 830 663 ll.
870 634 960 676 pag.
989 622 1082 662 509.
1123 626 1259 664 annot.
1293 621 1411 671 260:
1455 623 1521 675 qui
1560 627 1735 663 certam·

249 696 495 749 investigant
525 706 686 735 causam
717 693 912 746 aliquam,
940 705 1012 733 cur
1039 692 1201 744 Eupolis
1230 687 1389 745 quoque
1417 693 1497 734 boe
1528 694 1616 747 ipso
1645 693 1711 734 lo-

249 767 369 810 coita
390 766 547 818 fecerit,
578 766 604 807 ii
635 777 782 808 vereor
811 777 863 807 ne
894 764 1027 807 nodos
1058 766 1097 807 in
1127 766 1262 819 scirpo
1291 769 1497 826 quaerant.
1555 766 1710 816 Quodsi

246 846 394 893 poetae
425 840 547 880 verba
577 840 690 893 plura
721 841 858 879 essent
891 844 1051 880 servata
1069 868 1081 886 ‚
1110 843 1153 878 ut
1182 840 1467 879 sententiarum
1498 849 1706 880 connexus

246 914 572 967 perspiceretur,
616 912 657 952 in
686 897 859 965 ipsarum
889 910 1025 952 indole
1054 911 1222 965 positam
1265 922 1358 952 esse
1398 910 1502 952 illam
1534 910 1707 953 fortasse

248 978 471 1038 appar-eret.

358 1055 468 1097 Unus
512 1054 686 1107 denique
730 1057 857 1094 restat
904 1053 1044 1103 locuS,
1090 1064 1169 1107 quo
1214 1053 1456 1107 Protagoras
1501 1053 1621 1094 Eleus
1667 1052 1707 1094 in

236 1116 375 1170 'atheis
403 1129 645 1177 nominatur,
675 1127 813 1168 Galen.
845 1127 895 1166 de
926 1126 1068 1179 philos.
1098 1126 1192 1167 hist.
1227 1138 1313 1179 cap.
1346 1125 1450 1166 vm:
1496 1126 1601 1175 Τοὺς
1629 1127 1708 1176 μὲν

242 1204 324 1243 τῶν
353 1202 568 1255 προτέρων
607 1196 1001 1255 φιλοσοφησάντων·
1018 1198 1257 1253 εὑρήκαμεν
1284 1196 1415 1247 θεοὺς
1443 1195 1708 1253 ἠγνοηκότας,

243 1272 300 1324 ὥς
321 1274 620 1329 Πρωταγόραν
647 1270 716 1313 τὸν
741 1271 913 1313 Ἠλεῖον
939 1272 1011 1312 καί
1027 1268 1251 1324 Θεόδωρον
1281 1269 1353 1313 τὸν
1376 1273 1620 1325 Κυρηναῖον
1634 1268 1709 1311 καὶ

241 1343 465 1400 Εὐήμερον
491 1343 561 1386 τόν
583 1344 804 1398 Τεγεάτην.
863 1344 914 1384 οὐ
942 1342 1024 1397 γάρ
1056 1339 1162 1384 εἶναι
1193 1342 1322 1391 θεοὺς
1351 1344 1484 1385 εἰπεῖν
1503 1341 1708 1397 τετολμή-

239 1433 376 1460 κασιν.
435 1418 547 1467 Quae
586 1417 734 1467 verba,
777 1421 866 1456 cum
905 1416 1148 1470 Protagoras
1188 1415 1346 1468 quidam
1385 1415 1506 1456 Eleus
1547 1414 1708 1456 aliunde

238 1500 406 1541 prorsus
437 1490 489 1529 sit
512 1490 697 1542 ignotuS‚
732 1499 862 1540 neque
891 1487 993 1528 ullus
1026 1487 1214 1537 omnino,
1245 1498 1361 1539 quem
1393 1487 1516 1528 sciam
1535 1518 1548 1538 ,
1586 1487 1708 1528 Eleus

239 1561 308 1602 tali
347 1561 398 1603 de
440 1561 501 1601 dis
546 1562 745 1601 sententia
779 1561 985 1614 proposita
1015 1560 1120 1601 adeo
1147 1559 1401 1610 inclaruerit,
1429 1564 1473 1600 ut
1498 1560 1586 1613 ipse
1617 1569 1708 1601 cum

238 1633 455 1695 Tbeodoro
488 1637 529 1673 et
557 1633 756 1673 Euemero
798 1644 896 1685 prae
937 1633 1084 1672 ceteris
1126 1632 1341 1672 memorari
1381 1636 1522 1684 posset
1560 1632 1705 1683 atheis,

240 1707 336 1760 quin
367 1705 563 1760 mendosa
606 1706 690 1746 sint·
723 1716 806 1745 non
850 1704 999 1746 dubito,
1058 1704 1278 1745 Abderitae
1321 1715 1437 1755 vero„
1462 1705 1705 1759 Protagorae

241 1779 445 1831 aptissime
488 1778 571 1818 hoc
615 1778 707 1818 loco
754 1779 995 1817 mentionem
1041 1777 1125 1816 fieri
1162 1777 1229 1817 lib.
1261 1777 1323 1817 lv.
1365 1789 1452 1830 cap.
1479 1777 1544 1817 111.
1587 1777 1705 1830 plane

240 1851 459 1905 apparebit.
517 1848 598 1892 Sed
628 1861 752 1903 aegre
782 1849 847 1890 bic
881 1848 1156 1891 desideramus
1187 1861 1354 1900 eorum,
1385 1849 1451 1902 qui
1481 1848 1582 1891 deos
1610 1861 1703 1891 esse

239 1923 469 1977 negabant,
516 1922 688 1963 Omnium
735 1922 840 1962 illum
891 1922 1226 1971 famosissimum,
1272 1922 1489 1975 Diagoram
1532 1921 1704 1964 Helium.

241 1996 374 2045 Quare
409 1982 513 2049 apud
546 1994 742 2046 >Galenum
782 2006 855 2048 pro
885 1993 1179 2048 Πρωταγόραν
1219 1991 1292 2036 τὸν
1317 1993 1485 2037 Ἠλεῖον
1518 1996 1705 2036 scriben-
1747 2004 1750 2007 ’

242 2068 333 2108 dum
373 2080 465 2108 esse
505 2072 600 2120 puto
632 2064 927 2121 Πρωταγόραν
967 2066 1041 2108 τὸν
1075 2066 1338 2122 Ἀβδηρίτην
1380 2066 1453 2108 καί
1487 2067 1704 2121 Διαγόραν

241 2138 312 2183 τὸν
344 2139 526 2194 Μήλιον.

359 2213 553 2253 Omnibus
586 2213 707 2266 igitur
736 2213 973 2265 scriptorum
1008 2213 1261 2264 testimoniis,
1290 2212 1431 2265 quibus
1458 2212 1703 2267 Protagorae

242 2288 370 2340 patria
400 2285 623 2336 indicatur,
651 2286 755 2326 inter
793 2297 838 2326 se
870 2285 1119 2338 conciliatis,
1162 2285 1329 2339 reliqua,
1358 2286 1499 2338 quibus
1527 2285 1701 2327 Abderis
1760 2327 1762 2329 ,

243 2358 348 2399 illum
381 2363 510 2399 ortum
548 2369 641 2397 esse
669 2357 948 2408 confirmatur,
993 2358 1043 2397 ad
1071 2370 1190 2399 unum
1222 2359 1353 2398 omnia
1386 2357 1530 2399 afferre
1558 2369 1703 2412 super-

244 2431 389 2472 sedere
420 2439 644 2485 possumus.
701 2429 818 2471 Adeo
848 2430 952 2470 enim
983 2434 1070 2471 erat
1101 2429 1180 2471 boc
1208 2431 1249 2472 in
1286 2431 1427 2485 vulgus
1455 2434 1621 2482 notum,
1660 2435 1703 2471 ut

245 2515 412 2557 perraro
469 2504 648 2556 sophista
706 2508 1088 2544 commemoraretur
1135 2504 1225 2544 boc·
1259 2505 1410 2544 omisso
1459 2504 1703 2557 cognomine

247 2575 423 2617 ethnIco.
483 2575 582 2616 Vide
613 2579 776 2629 praeter
803 2575 918 2616 locos
959 2587 1077 2629 supra
1115 2574 1304 2616 laudatos·
1328 2576 1435 2618 Sext.
1466 2575 1578 2628 Emp.
1610 2574 1700 2616 adv.

242 2645 365 2691 Matb.
396 2648 557 2697 tib.„tX,
593 2657 629 2701 ς.
659 2650 737 2700 55,
782 2649 900 2702 Diog.
932 2649 1060 2690 Laert.
1092 2649 1159 2690 lib.
1187 2649 1257 2690 lX.
1289 2658 1327 2702 ς.
1353 2651 1430 2699 42,
1466 2648 1571 2690 Suid.
1601 2661 1636 2690 s.
1663 2662 1702 2690 v.

245 2719 478 2775 Πρόδικος,
507 2721 628 2760 Clem.
659 2722 774 2761 Alex.
803 2723 945 2761 Strom.
964 2720 1044 2762 lib.
1072 2722 1100 2762 1.
1135 2734 1224 2775 pag.
1246 2722 1339 2762 301.
1361 2722 1615 2772 D‚·Tbemist.
1633 2722 1704 2763 Or.

246 2794 346 2835 Xlll.
387 2806 480 2848 pag.
517 2792 607 2834 161.
650 2793 764 2843 (198.
798 2794 942 2846 Dind.)
984 2799 1024 2835 et
1064 2795 1131 2836 Or.
1163 2793 1301 2835 XXlll.
1333 2805 1426 2849 pag.-
1461 2794 1556 2837 989.
1588 2794 1703 2844 (350.

248 2865 342 2917 D.),
372 2865 495 2919 Epist.
523 2865 637 2906 Socr.
671 2864 803 2918 XVll,
829 2865 962 2906 Schol.
996 2866 1046 2906 ad
1080 2866 1170 2906 Plat.
1203 2865 1380 2919 Reipubl.
1412 2866 1436 2907 1.
1454 2866 1512 2919 l.,
1541 2866 1701 2915 Quintil.
