1871 3204
836 174 1163 218 -52-..

262 299 319 342 Siv
341 301 431 353 quis
468 299 518 340 de
558 296 736 338 Timonis
778 297 949 339 dicterio
989 309 1078 340 cum
1104 296 1295 340 Herbstio
1335 298 1596 341 consentiens
1635 297 1731 353 quid

263 372 361 414 mihi
389 371 573 413 videatur
601 370 805 423 requirat,
846 369 957 424 legat
984 374 1025 420 s.
1053 371 1079 412 7
1097 401 1108 422 ,
1145 369 1214 412 ubi
1243 369 1364 411 etiam
1391 369 1618 424 Apologiae
1648 372 1730 414 So-

263 446 386 486 cratis
414 443 545 495 locus,
575 454 692 495 quem
714 442 924 487 Herbstius
944 443 1106 484 nonnisi
1134 454 1207 483 sua
1238 441 1416 483 adhibita
1447 441 1499 483 de
1530 442 1731 496 Protagm

265 528 337 559 rae
366 519 497 556 morte
526 515 725 556 sententia
752 510 920 569 intelligi
947 526 1069 568 posse
1098 515 1330 565 arbitratur,
1365 514 1505 567 paucis
1532 514 1728 555 tractabi—

261 593 409 629 tur.-
431 587 493 629 De
524 598 631 628 anno
658 586 756 628 403.
788 592 934 640 autem,
963 599 1041 641 quo
1071 586 1330 640 Protagoram
1358 585 1620 627 condemnari
1648 597 1728 639 po-

257 661 383 702 tuisse
412 645 574 714 negat,
612 671 733 701 nemo
772 645 945 714 unquam
985 660 1176 714 cogitavit
1214 659 1292 700 nisi
1320 658 1555 700 Herbstius:
1595 670 1727 712 nequa

257 744 366 776 anno
399 733 495 775 404.
538 733 799 786 Protagoram
827 737 1028 785 mortuum
1062 744 1154 774 esse
1189 743 1297 773 nunc
1337 732 1545 785 quisquam
1585 730 1727 773 credit.

259 805 390 847 Clinto
422 806 543 856 enim,
572 805 639 858 qui
665 805 706 845 in
735 804 881 850 tabulis
910 804 1006 845 illud
1035 809 1253 858 posuerat,
1278 805 1320 845 in
1349 803 1571 857 appendice
1599 802 1728 846 revod'-
1792 847 1798 854 „

258 879 391 921 cavit:
434 883 474 919 et
502 877 799 928 Stallbaumius‚
831 878 946 918 cuius
975 889 1028 918 ex
1060 878 1310 931 praefatione
1342 876 1393 919 ad
1422 876 1597 918 Platonis
1625 876 1727 918 Pro-

255 948 441 1005 tagoram
476 962 567 1003 pag.
605 950 672 990 17.
718 950 928 991 Herbstius
970 950 1075 991 haec
1114 948 1231 991 affert
1270 949 1421 991 verba:
1461 949 1727 1003 „Protagoras

255 1034 386 1065 senex
416 1022 562 1076 grandi
591 1027 778 1073 aetatate‚
809 1034 926 1076 quem
953 1022 1101 1076 olymp.
1134 1020 1202 1064 94.
1234 1032 1341 1063 anno
1373 1022 1501 1075 primo
1530 1027 1741 1062 mortuum

254 1107 350 1136 esse
369 1084 566 1146 constat“‚
599 1095 724 1135 semel
741 1096 961 1148 iterumque
980 1094 1222 1147 palinodiam
1253 1095 1425 1135 cecinit:
1452 1093 1560 1135 velut
1582 1094 1736 1147 dispu--⁴

252 1173 325 1211 tat.
358 1168 410 1210 de
438 1168 690 1222 Euthydemo
722 1168 897 1209 Platonis
927 1180 1018 1222 pag.
1039 1168 1107 1209 63.
1137 1172 1177 1209 et
1208 1167 1277 1221 64,
1309 1168 1465 1222 proleg.
1487 1166 1539 1208 ad
1559 1167 1722 1208 Theae-

248 1245 320 1282 tet.
361 1252 453 1295 pag.
490 1241 555 1291 10,
585 1244 763 1281 annotat.
792 1240 844 1281 ad
875 1241 1034 1281 Menon.
1063 1252 1155 1294 pag.
1185 1240 1251 1281 91.
1283 1240 1329 1281 E.
1386 1240 1456 1280 Eis
1483 1240 1589 1280 enim
1617 1239 1720 1280 locis

255 1325 365 1355 anno
396 1313 493 1354 410.
527 1313 756 1354 decessisse
787 1314 1008 1366 sophistam
1037 1314 1114 1354 sibi
1144 1313 1275 1354 videri
1307 1313 1361 1355 ait
1388 1313 1592 1354 Freretum
1614 1313 1723 1363 Gee-

251 1384 428 1438 liumque
472 1388 662 1426 auctores
705 1386 932 1427 nominans.
993 1385 1177 1426 Ceterum
1217 1385 1253 1427 si
1294 1385 1382 1438 quis
1421 1384 1515 1425 illud
1547 1389 1724 1425 statuere

250 1456 386 1510 vellet,
415 1456 559 1498 Critias
590 1456 711 1497 certe.
733 1468 816 1497 non
848 1457 1050 1498 obstaret:
1091 1469 1184 1497 nam
1217 1457 1419 1498 hominem
1449 1456 1723 1497 sceleratissi-

251 1542 359 1572 mum
390 1541 441 1570 ac
468 1529 780 1582 perditissimum
808 1529 895 1582 quis
921 1529 1059 1571 credat
1084 1529 1275 1584 religioni
1301 1529 1378 1571 sibi
1408 1529 1584 1580 duxisse,
1612 1530 1725 1570 eius-

253 1601 345 1642 dem
377 1601 549 1655 aliquem
581 1601 759 1642 criminis
787 1613 982 1643 accusare
1014 1602 1120 1655 quod
1149 1602 1292 1655 ipsein
1320 1612 1365 1643 se
1395 1600 1728 1661 admisisset?—

252 1665 411 1716 Deinde
455 1674 506 1715 ab
544 1685 650 1715 anno
685 1672 780 1716 412.
813 1674 864 1715 ad
895 1674 990 1718 403.
1023 1674 1233 1716 Herbstius
1266 1674 1582 1728 quadringentos
1616 1674 1727 1715 viros

253 1747 427 1789 Athenis
456 1757 550 1787 esse
577 1742 758 1800 potuisse
786 1751 920 1801 negat.
979 1746 1081 1796 Quid
1121 1747 1157 1788 si
1195 1757 1302 1787 anno
1330 1745 1487 1787 demum
1520 1745 1616 1787 411.
1646 1746 1728 1787 do-

253 1820 446 1860 minatum
477 1823 569 1858 sunt
596 1819 816 1871 aggressi?
873 1818 988 1867 Quod
1020 1818 1179 1872 quando
1223 1818 1370 1859 factum
1412 1819 1464 1860 sit
1494 1819 1725 1860 Dodwellus

255 1892 297 1932 in
326 1890 551 1932 Annalibus
580 1890 849 1943 Thucydideis
881 1890 1054 1939 (Dukeri
1083 1890 1177 1931 edit.
1209 1890 1385 1943 Thucyd.
1415 1891 1467 1931 ad
1498 1893 1616 1932 tinem
1648 1891 1725 1932 ad·-

255 1965 348 2006 iect.
379 1975 471 2017 pag.
510 1963 624 2013 117.)
661 1967 772 2004 recte
804 1964 1001 2016 exposuit.
1059 1962 1208 2005 Calliae
1240 1963 1446 2004 archontis
1477 1975 1613 2016 anno,
1657 1964 1725 2017 qui

257 2039 409 2090 primus
445 2035 518 2076 fuit
550 2035 789 2089 olympiadis
831 2036 1124 2090 nonagesimae
1163 2035 1352 2087 alterius,
1396 2040 1594 2087 exeunte,
1635 2037 1724 2077 sive

255 2120 353 2150 vere
385 2108 479 2150 anni
510 2107 608 2148 411.
636 2108 843 2161 imperium
878 2119 1016 2149 eorum
1046 2108 1265 2149 institutum
1294 2111 1369 2148 est.
1427 2106 1509 2148 Sed
1539 2118 1588 2148 ea
1618 2107 1659 2148 in
1677 2119 1723 2149 re

255 2180 489 2224 Dodwellus
520 2179 683 2232 erravit,
715 2179 822 2233 quod
853 2190 933 2220 una
964 2190 1053 2220 cum
1081 2178 1206 2220 Callia
1238 2178 1434 2220 archonte
1461 2179 1582 2220 etiam
1614 2180 1723 2233 opti-

256 2259 384 2295 mates
412 2254 502 2294 illos
532 2254 803 2306 magistratum
835 2253 1072 2305 deposuisse
1100 2252 1258 2293 statuit:
1290 2264 1405 2303 cum,
1436 2251 1477 2292 id
1505 2253 1613 2304 quod
1644 2254 1722 2294 iam

257 2326 385 2368 Clinto
419 2325 571 2367 monuit
597 2325 701 2366 Fast.
732 2324 832 2366 Hell.
861 2337 898 2366 a.
928 2322 1038 2376 411,
1085 2328 1228 2366 auctor
1255 2324 1423 2366 vitarum
1458 2323 1598 2365 decem
1627 2336 1724 2367 ora-

258 2394 389 2440 torum
426 2411 518 2452 pag.
553 2397 649 2440 833.
685 2398 718 2438 D
761 2397 1019 2450 Theopompo
1066 2397 1262 2440 archonte
1307 2398 1387 2439 hoc
1432 2397 1581 2440 factum
1625 2410 1720 2441 esse

256 2471 477 2513 memoriae
506 2466 780 2511 tradate-’Em'
804 2467 1061 2520 Θεοπόμπου
1091 2463 1312 2523 ἄρχοντος,
1338 2468 1407 2524 ἐφ’
1430 2462 1484 2510 οὗ
1511 2466 1550 2512 οἱ
1580 2484 1725 2524 ratpa-

256 2542 393 2584 κόσιοι
424 2542 728 2596 κατελύθησαν.
788 2541 1066 2594 Theopompus
1100 2541 1248 2582 Calliae
1288 2542 1472 2585 archonti
1513 2545 1722 2586 successit.

256 2614 455 2657 Abierunt
484 2625 583 2668 ergo
618 2613 899 2669 quadringenti
929 2615 1165 2669 magistratu
1202 2613 1437 2669 olympiadis
1478 2615 1640 2658 alterius
1684 2621 1725 2658 et

258 2688 555 2742 nonagesimae
599 2699 704 2729 anno
744 2687 925 2729 secundo
945 2719 958 2738 ,
1000 2692 1211 2740 postquam
1238 2700 1311 2741 per
1345 2694 1531 2743 quattuor
1566 2701 1728 2731 menses

259 2761 369 2818 anni*
393 2764 485 2801 ante
521 2757 614 2801 Chr.
646 2769 685 2800 n.
712 2759 808 2802 411.
845 2750 1022 2813 regnum·v
1056 2764 1297 2802 tenuerunt:
1346 2761 1453 2803 conf.
1486 2761 1723 2816 Harpocrat.

259 2846 291 2874 s.
325 2846 361 2873 v.
391 2828 670 2888 remandaret·
731 2829 781 2872 Οἱ
808 2830 1069 2886 τετρακόσιοι
1099 2831 1179 2885 πρὸ
1212 2829 1311 2875 ἔπτὰ
1335 2835 1440 2875 ἐτῶν
1468 2834 1726 2889 κατέστησαν

253 2905 335 2947 τῶν
376 2901 600 2960 τριάκοντα
639 2899 855 2958 τυράννων
891 2904 997 2959 παρ’
1023 2904 1293 2960 Ἀθηναὼις,
1338 2896 1484 2955 οἵτινές
1522 2905 1724 2962 τέτταρας
