1871 3204
662 526 1138 576 PROOEMIUM.

318 755 393 801 »In
427 753 629 800 historia
672 752 1000 815 sophistarum
1038 750 1301 798 enarranda
1338 766 1393 798 ac
1429 748 1630 797 ferendo

178 839 240 886 de
269 853 437 884 eorum
473 835 660 899 placitis
694 834 876 882 iudicio
914 836 1089 881 mirum
1124 844 1195 881 est
1227 843 1465 897 quantum
1495 832 1632 895 prio-

178 921 314 987 ribus
358 914 664 982 temporibus
710 934 737 964 a
780 935 894 964 vero
942 918 1274 965 aberraverint
1325 932 1495 964 omnes
1544 914 1631 977 qui

176 1002 304 1049 hanc
337 1000 568 1048 hist'oriae
602 1001 943 1064 philosophiae
974 1009 1162 1063 partem
1201 999 1467 1061 attigerint,
1502 996 1630 1058 capti

178 1084 392 1131 Platonis
427 1100 482 1130 ac
510 1082 852 1146 Xenophontis
887 1083 1191 1142 auctoritate,
1226 1097 1350 1145 quos
1383 1080 1534 1144 ipsos,
1557 1079 1630 1125 vel

175 1160 429 1213 metientes
465 1165 541 1212 ina
576 1148 752 1229 piloris
797 1164 966 1211 aetatis
1007 1163 1215 1224 lumina,
1262 1161 1489 1226 Gorgiam
1535 1156 1630 1206 im-

175 1249 345 1312 primis
381 1265 436 1295 ac
470 1250 803 1310 Protagoram,
837 1262 894 1293 ex
928 1247 1239 1293 homunculis
1269 1246 1369 1292 istis
1404 1263 1529 1309 quos
1546 1261 1631 1292 sua

174 1338 328 1376 aetate
380 1329 692 1392 sophisticam
744 1338 894 1375 artem
943 1338 1220 1375 exercentes
1263 1327 1516 1389 viderent,
1557 1327 1630 1373 vel

174 1411 335 1458 studio
371 1410 543 1457 ductos
577 1412 881 1475 praeceptori
916 1424 1003 1458 suo
1041 1412 1231 1457 illorum
1275 1411 1630 1457 obtrectatione

173 1494 427 1540 clariorem
461 1494 618 1539 lucem
654 1493 1072 1540 circumfundendi
1105 1493 1166 1540 ad
1201 1494 1343 1556 longe
1379 1492 1629 1555 iniquissi-

173 1592 309 1622 mum
343 1574 406 1621 de
440 1575 531 1621 illis'
564 1575 797 1622 iudicium
835 1575 1088 1622 ferendum
1126 1573 1377 1637 permotos
1411 1591 1512 1620 esse
1535 1591 1628 1637 pu-

170 1656 373 1705 tandum
412 1666 497 1704 est.
538 1682 594 1692 -—
635 1658 957 1723 Summopere
993 1658 1135 1722 igitur
1166 1657 1436 1721 optandum
1468 1666 1539 1704 est
1572 1666 1626 1703 ut

172 1741 368 1787 tandem
423 1742 658 1801 existant,
716 1744 800 1804 qui
856 1743 975 1788 locis
1024 1743 1317 1803 scriptorum
1374 1741 1629 1803 diligenter

172 1822 409 1886 congestis
445 1831 493 1869 et
526 1824 661 1869 omni
698 1840 749 1870 re
785 1825 874 1871 rite
909 1841 1149 1887 perpensa
1184 1824 1288 1871 sine
1335 1824 1404 1870 ira
1443 1828 1492 1870 'et
1524 1833 1626 1871 stu-

171 1897 268 1951 dio'
292 1903 353 1949 de
387 1905 613 1967 sophistis
644 1915 926 1967 exponant.«

159 2002 212 2070 ᾗ
300 1986 368 2033 Ita
401 1986 649 2034 Eduardus
678 1987 883 2034 Geistius
900 1988 1063 2050 Progr.
1086 1986 1292 2050 Paedag.
1326 1987 1445 2034 Giss.
1474 1991 1617 2035 1827.

172 2085 227 2132 p*
247 2071 276 2115 3
307 2063 314 2067 ’
343 2066 492 2127 Quod
513 2086 658 2132 quam
695 2086 804 2116 vere
822 2069 1118 2133 disputatum
1154 2070 1215 2115 sit
1250 2072 1345 2115 iam
1367 2086 1515 2116 nemo
1553 2081 1624 2119 est

170 2151 291 2213 quin
326 2151 566 2214 intelligat.
637 2153 1018 2216 Praeterlapsum
1056 2152 1188 2200 enim
1224 2152 1343 2199 illud
1387 2163 1457 2200 est
1496 2164 1623 2201 tem-

174 2249 292 2295 pus,
340 2250 439 2296 quo
487 2234 812 2297 sophiStarum
860 2234 1084 2282 doctrina
1131 2252 1231 2282 non
1273 2235 1627 2298 intelligebatur

168 2315 259 2362 nisi
316 2333 371 2362 ex
433 2333 563 2364 mera
615 2317 790 2364 mentis
842 2318 1085 2365 humanae
1139 2318 1447 2365 aberratione
1500 2337 1623 2384 qua-

166 2396 280 2444 dam
315 2399 632 2463 ipsorumque
677 2401 808 2446 inani
858 2402 1039 2464 gloriae
1073 2386 1277 2464 aurique
1327 2403 1619 2464 captatione.

93 2509 97 2513 -
166 2479 318 2542 Quod
343 2481 487 2526 etiam
527 2483 565 2527 si
600 2490 728 2528 recte
761 2481 927 2543 fieret,
962 2483 1273 2547 quaestiones
1304 2484 1619 2546 Protagoreas

165 2553 414 2610 instituere
465 2564 618 2610 nihilo
668 2581 755 2629 ego
805 2565 954 2629 magis
999 2565 1318 2612 dubitassem:
1372 2583 1483 2612 nain
1533 2569 1618 2631 qui

167 2659 251 2690 sua
286 2645 472 2692 ratione
505 2663 693 2713 suoque
731 2647 923 2710 ingenio
964 2656 1117 2694 totam
1157 2648 1293 2711 quasi
1339 2664 1622 2711 repraesen-

164 2726 312 2774 tarint
336 2737 559 2791 aetatem,
588 2731 639 2792 ii,
679 2730 898 2794 quamvis
925 2741 1096 2778 natura
1126 2731 1303 2778 fuerint
1333 2731 1618 2794 pravissimi,

162 2816 326 2857 tamen
357 2827 455 2859 non
489 2822 690 2875 possunt
731 2830 898 2861 eorum
933 2814 1016 2877 qui
1050 2814 1343 2861 Graecorum
1379 2813 1521 2859 rebus
1544 2815 1619 2862 in-
