1871 3204
784 139 1147 187 —188—

229 262 327 320 672,
352 265 420 306 vix
442 264 589 306 sufficit
617 263 670 305 ad
701 263 977 318 explicandam
991 264 1099 305 illam
1120 264 1439 307 criminationem
1455 268 1512 317 ¹⁸²).
1540 269 1692 320 Quare,

230 338 266 377 si
295 337 450 390 quidem
480 336 581 377 fides
607 336 782 390 Diogeni
814 341 956 390 (atque
990 348 1043 379 ex
1071 337 1321 411 th
1349 335 1449 390 περὶ
1471 339 1548 378 τοῦ
1580 333 1693 389 ὄντος

230 419 388 461 quoque
417 407 521 447 libro
553 407 756 448 Platonem
785 408 970 449 hausisse
1002 406 1244 463 Porphyrius
1272 412 1440 450 testatur
1468 408 1572 462 apud
1598 408 1694 455 Eus,

227 482 363 532 Praep.
396 491 459 520 ev.
493 480 626 521 lib.X.
657 493 743 533 cap.
766 480 845 533 3.),
877 481 966 522 veri
996 481 1235 522 simillimum
1267 486 1342 533 est,
1369 482 1409 522 in
1424 481 1562 522 Pol-itia
1588 482 1696 522 scri-

227 550 360 593 benda
377 551 583 594 Platonem
600 553 707 595 illum
724 553 972 609 Protagorae
992 553 1135 596 librum
1164 553 1206 596 in
1232 565 1345 596 suum
1373 565 1487 595 usum
1516 565 1694 596 conver.

225 624 339 674 tisse,
369 636 487 677 quem
504 625 586 666 Vll.
617 627 928 667 memoravimus
957 628 1058 681 περὶ
1081 624 1319 676 πολιτειάς.“
1341 626 1575 680 Quanquam
1603 638 1693 667 cum

224 696 499 751 Protagoreae
518 698 683 739 Politiae
699 709 751 739 ne
768 697 934 739 verbum
966 698 1127 753 quidem
1150 699 1269 741 nohis
1295 702 1496 741 servatum
1525 699 1590 753 sit,
1617 710 1692 742 ae-

227 770 406 811 curatius
436 770 487 812 de
517 770 595 812 hae
624 781 670 811 re
700 769 799 811 nihil
825 770 944 811 statui
973 760 1118 825 potest.

927 870 996 912 X1.
1050 895 1052 897 -

728 974 889 1039 Τέχνη
921 976 1190 1040 ἐριστικῶν.
1212 1034 1216 1039 Υ

341 1091 429 1140 Qua
457 1092 643 1145 exposuit
669 1095 793 1134 totam
825 1103 938 1134 suam
968 1096 1092 1133 artem
1125 1091 1365 1146 disputandi.
1418 1092 1537 1146 Diog.
1559 1091 1691 1133 Laert.

227 1162 297 1208 lib.
329 1164 397 1205 IX.
428 1172 466 1217 ς.
500 1165 566 1206 55.
635 1165 732 1206 Eius
773 1164 881 1207 haud
926 1165 1046 1206 dubie
1096 1169 1184 1206 erat
1224 1165 1375 1207 locutio
1402 1164 1469 1206 illa
1501 1177 1524 1206 a
1552 1164 1692 1205 Prota-

223 1248 327 1290 gora
355 1238 524 1290 primum
551 1237 715 1279 inducta
733 1268 746 1289 ‚
794 1249 872 1291 qua
907 1237 1240 1291 quemadmodum
1274 1249 1396 1279 causa
1427 1237 1596 1279 inferior
1626 1237 1691 1278 di-

224 1308 357 1351 cendo
387 1309 475 1351 fieri
504 1310 689 1364 superior
720 1314 859 1365 posset
888 1310 1039 1352 dooere
1068 1322 1113 1352 se
1142 1311 1429 1365 profitebatur:
1506 1352 1515 1365 .

945 1410 984 1451 6.

344 1505 455 1550 Τὸν
480 1503 625 1563 ἥττω
655 1507 812 1563 λόγον
841 1512 1077 1564 κρείττω
1104 1513 1307 1551 ποιεῖν.

339 1602 428 1644 Vid.
459 1615 551 1657 pag.
587 1604 678 1644 142.
713 1608 753 1644 et
783 1615 821 1656 q.
852 1615 966 1657 seqq.

916 1758 1001 1800 XII.

704 1860 825 1916 Δίκη
859 1862 980 1927 ὑπὲρ
1013 1863 1217 1924 μισθοῦ.

337 1981 457 2037 Diog.
486 1981 618 2023 Laert.
650 1980 719 2023 lib.
747 1980 815 2022 IX.
846 1985 886 2032 §.
904 1981 969 2025 55.
998 1981 1042 2022 Si
1068 1980 1341 2023 narrationem
1355 1978 1692 2033 illamaseripto-

195 2091 206 2103 ,
228 2055 339 2097 ribus
366 2055 640 2110 pervulgatam
660 2055 750 2106 (vid
768 2067 860 2109 pag.
887 2052 978 2096 145.
998 2059 1038 2095 et
1055 2066 1093 2107 q.
1109 2061 1246 2107 seqq.)
1275 2065 1426 2095 meram
1450 2064 1543 2094 esse
1562 2053 1693 2094 fabel-

225 2127 303 2169 lam
315 2132 429 2169 recte
444 2128 666 2180 statuimus,
682 2128 783 2169 liber
795 2138 953 2181 quoque
968 2125 1019 2168 de
1034 2126 1111 2167 hae
1120 2125 1188 2168 lite
1202 2126 1454 2181 conscriptus
1465 2137 1545 2167 non
1558 2129 1690 2180 potest

228 2206 312 2241 non
349 2213 444 2242 esse
482 2201 608 2241 fictus.
668 2202 745 2249 Qui
780 2212 879 2241 vero
915 2201 1003 2241 sive
1032 2201 1155 2242 Sexto
1189 2201 1335 2253 quique
1364 2200 1527 2242 Sextum
1564 2199 1692 2240 secuti

222 2277 326 2324 sunt,
368 2274 456 2315 sive
484 2273 613 2316 Gellio
630 2274 778 2329 quique
806 2273 858 2315 ad
886 2273 1149 2328 Protagoram
1176 2277 1218 2314 et
1244 2271 1453 2314 Euathlum
1481 2271 1588 2313 illam
1618 2283 1691 2313 re-

229 2345 388 2396 ferunt,
419 2346 537 2387 fidem
565 2346 726 2398 habeat,
755 2347 793 2387 ei
825 2345 924 2386 nihil
950 2357 1098 2386 causae
1127 2355 1222 2386 esse
1249 2344 1422 2395 videtur,
1455 2354 1526 2384 cur
1554 2344 1694 2396 dispu-

231 2416 426 2458 tationem
471 2417 669 2471 quandam
716 2419 825 2473 Δίκη
866 2416 973 2473 ὑπὲρ
1014 2417 1176 2471 μισθοῦ
1184 2444 1186 2446 »
1213 2415 1444 2469 inscriptam
1487 2427 1511 2457 a
1551 2416 1695 2458 Prota-

227 2502 334 2545 gora
375 2490 600 2532 confectam
630 2503 724 2533 esse
752 2495 876 2545 neget
906 2521 920 2543 ‚
963 2503 1041 2544 qua
1078 2490 1184 2545 hane
1227 2501 1387 2531 causam
1414 2493 1587 2531 tractare
1616 2501 1692 2543 po-

224 2565 299 2605 tuit
328 2563 574 2617 Protagoras
619 2565 707 2606 sive
748 2564 875 2618 ipsius
917 2563 1038 2604 fuerit
1078 2574 1169 2604 cum
1197 2561 1366 2604 Euathlo
1406 2563 1492 2605 sive
1524 2563 1693 2604 Coracis

230 2649 321 2679 cum
349 2638 473 2679 Tisia.

316 2795 350 2838 ³)
376 2793 476 2827 Conf.
501 2793 702 2828 Brundisius
728 2793 812 2827 Hist.
830 2794 958 2829 Philos.
984 2800 1064 2828 tom.
1086 2783 1129 2827 11.
1158 2793 1344 2836 pag-151:
1371 2788 1684 2835 „Gewisskonnte

223 2840 445 2874 Platonische
470 2840 799 2875 Erkenntnisslehre
828 2843 888 2874 mit
916 2842 976 2874 der
1000 2842 1061 2875 des
1088 2842 1291 2883 Protagoras
1315 2841 1350 2873 in
1375 2837 1687 2873 Grundaunahmen

225 2887 295 2921 und
316 2887 572 2924 wesentlichen
600 2889 879 2933 Bestimmungen
903 2889 997 2923 nicht
1023 2888 1359 2923 ubereinstimmen.“
