1871 3204
715 129 776 137 -—
851 104 941 153 189
1011 129 1072 136 —-

840 233 942 275 Xffl.

581 323 975 391 *wmmunes
1015 332 1133 376 loci.

281 441 390 491 Quos
428 443 572 486 multos
603 455 627 485 a
647 419 874 496 'Protagora
913 442 1167 495 conscriptos
1214 441 1338 482 fuisse
1384 440 1529 481 Cicero
1571 440 1628 490 ait

165 512 277 577 *Brut
306 526 391 569 cap.
403 514 489 557 ΧΠ.
505 514 625 575 §.le
681 515 744 567 De
775 514 826 557 iis
859 512 1006 556 dictum
1036 518 1099 555 est
1126 525 1219 568 pag.
1250 514 1341 554 152.
1373 516 1414 553 et
1441 524 1478 565 q.
1508 523 1626 566 seqq.

174 572 350 582 Ψη-κ-
366 571 450 577 .-ae».

470 715 517 773 F.
584 722 757 771 Varii
790 723 1027 787 generis
1061 721 1318 785 scripta.

849 868 952 911 XIV.

702 974 1089 1044 Προστακτικός.

286 1123 409 1177 Diog.
439 1121 566 1164 Laert.
598 1122 666 1165 lib.
697 1123 764 1164 IX.
798 1128 838 1174 §.
871 1124 936 1166 55.
992 1122 1183 1164 Moralem
1221 1121 1317 1163 dicit
1346 1122 1488 1163 librum
1520 1122 1631 1164 Gee-

174 1193 251 1236 lius
278 1207 371 1250 pag.
400 1193 467 1237 84.
522 1195 611 1249 Ego
653 1195 772 1237 talem
805 1195 929 1237 fuisse
969 1200 1063 1249 puto
1082 1226 1094 1248 ,
1138 1206 1215 1249 quo
1245 1195 1488 1250 Protagoras
1515 1196 1631 1249 quasi

177 1266 411 1309 scholarum
432 1269 639 1321 prooemio
666 1268 895 1309 universam
922 1268 1057 1309 virtuti
1083 1267 1284 1321 politicae,
1312 1279 1389 1321 qua
1419 1268 1630 1321 disciplina

175 1340 262 1381 eius
300 1340 579 1382 continebatur
616 1345 698 1383 tota
716 1372 729 1393 ‚
769 1341 954 1383 studendi
993 1334 1190 1382 rationem
1233 1345 1352 1395 atque
1395 1339 1628 1383 methodum

172 1414 434 1466 praeceperit.
502 1412 612 1453 Idem
650 1412 757 1474 enim
795 1412 954 1453 videtur
990 1413 1057 1465 qui
1097 1412 1275 1453 Crameri
1317 1413 1471 1454 Anecd.
1503 1414 1626 1458 Paris,

173 1484 253 1525 vol.
283 1485 312 1525 1.
345 1496 437 1539 pag.
462 1485 554 1526 171.
587 1482 610 1526 ὅ
640 1486 773 1539 μέγας
798 1483 918 1539 λόγος
944 1471 1185 1537 nominatur,
1214 1496 1293 1539 quo
1326 1485 1484 1539 quidem
1514 1485 1626 1527 titulo

173 1556 314 1598 librum
363 1569 478 1599 suum
525 1559 594 1599 vix
642 1559 729 1611 ipse
776 1557 1034 1611 inscripserit.
1110 1557 1208 1599 Eius
1253 1559 1308 1599 ibi
1334 1558 1628 1601 memorantur

169 1628 272 1670 haec
299 1629 448 1670 verba:

879 1717 917 1757 7.

310 1813 529 1860 Φύσεως
558 1810 650 1852 καί
691 1809 976 1865 α’σκήσεως
1008 1811 1353 1854 διδασκαλία
1385 1813 1625 1865 deceat,

175 1885 265 1925 καί
316 1882 422 1925 ἀπὸ
466 1883 728 1938 νεότητος
772 1885 828 1926 δὲ
876 1885 1264 1939 ἀρξαμένους
1312 1885 1429 1926 δεῖν
1469 1901 1627 1937 μαν-

173 1954 373 1999 θάνειν
406 1980 482 1996 -.
594 2003 599 2007 ¹

303 2040 419 2083 Conf.
449 2053 540 2095 pag.
574 2040 679 2085 169.-
728 2041 924 2089 Quantum
964 2052 1017 2082 ex
1053 2043 1249 2083 sententia
1289 2041 1447 2095 quidem
1491 2042 1628 2097 colligi

177 2118 342 2168 potest,
375 2112 553 2155 eiusdem
582 2113 754 2154 fortasse
781 2112 872 2155 libri
906 2117 968 2160 est
997 2114 1103 2167 quod
1133 2125 1157 2155 e
1186 2114 1360 2156 Stobaeo
1393 2118 1434 2156 et
1465 2114 1506 2157 S.
1538 2116 1627 2157 Ma-

177 2188 286 2230 ximo
314 2186 463 2228 ibidem
490 2187 820 2228 memoravimus:

837 2271 919 2316 .8‚

289 2361 482 2417 Μηδέν
525 2361 644 2401 ἐστι
680 2357 808 2413 μήτε
846 2360 1016 2421 τέχνη
1061 2355 1183 2401 ἄνευ
1230 2361 1462 2415 μελέτης
1500 2359 1630 2416 μήτε

177 2434 374 2490 μελέτη
400 2427 529 2476 ἄνευ
557 2433 751 2487 τέχνης.

856 2532 941 2574 XV.

668 2634 787 2702 Περὶ
820 2631 1142 2698 μαθημάτων.

286 2759 404 2813 Diog.
433 2756 563 2802 Laert.
592 2757 657 2799 lib.
689 2756 753 2798 IX.
784 2760 821 2806 §-
851 2756 919 2797 55.
979 2754 1279 2797 Mathematicus
1312 2754 1398 2795 sive
1438 2758 1629 2797 astrono-

175 2832 302 2873 micus
331 2831 433 2874 liber
463 2841 555 2873 esse
582 2829 739 2872 videtur
754 2828 906 2871 Zellero
936 2829 1072 2882 operis
1103 2841 1220 2882 supra
1249 2826 1398 2868 laudati
1426 2840 1516 2883 pag.
1537 2829 1632 2882 254,

1774 417 1821 507 f
