1871 3204
706 120 1066 168 —139—

166 242 231 282 bei
259 231 494 284 Themistius
526 244 594 285 Or.
624 245 690 289 23.
722 257 813 298 pag.
845 244 937 287 289.
976 241 1331 298 ὀρθορρημοσιὶνη
1377 242 1495 285 dasur
1528 255 1625 284 vor-

171 314 322 356 kommt
351 320 404 360 et.
434 329 471 371 q.
503 321 638 371 seqq.“
668 317 756 366 Quo
785 318 826 358 in
856 317 1056 358 'themistii
1085 316 1177 357 loco
1212 317 1375 370 insuper
1390 323 1471 357 non
1488 315 1628 357 Prota-

165 399 293 442 gorae
310 389 383 430 sed
399 389 570 431 Prodico
593 389 970 444 ὄρθορρημοσύνην
987 389 1213 443 tribuipag.
1234 391 1322 431 129.
1343 391 1534 432 monitum
1553 394 1627 430 est.

715 565 723 573 ·
737 551 947 584 CAPU'r
969 552 1054 584 lv.

217 709 219 711 ,
256 664 345 706 Alia
380 669 466 706 erat
489 665 672 718 quaestio
702 663 833 719 περὶ
867 663 1139 717 ὀνομάτων
1168 663 1469 720 ὀρθότητος,
1499 681 1618 722 quam

170 741 364 794 tractasse
377 738 634 791 Protagoram
650 737 808 778 suerunt
820 739 887 791 qui
900 750 952 779 ex
962 737 1136 779 Platonis
1150 738 1308 791 Cratylo
1323 740 1624 782 concluderent.

170 810 326 864 Dialogi
356 811 469 852 initio
502 810 605 851 enim
624 810 899 866 Hermogenes
926 809 1166 865 etCratylus
1192 814 1273 865 qua
1307 811 1358 852 de
1389 823 1433 852 re
1461 813 1535 866 ipsi
1557 812 1623 854 di-

172 888 330 935 sputent
350 895 438 923 cum
469 884 636 924 Socrate
665 886 971 926 communicant.
1012 885 1145 938 Atque
1174 885 1452 938 Hermogenes
1480 882 1625 939 Cratyli

168 955 405 996 sententiam
436 955 541 996 hanc
571 968 664 997 esse
700 957 779 998 ait:
822 954 1041 1009 Ὀνόματος
1076 953 1289 1011 ὀρθότητα
1328 950 1437 1015 ξῖναι
1466 955 1624 1014 ἑκάστῳ

167 1029 250 1067 τῶν
278 1022 405 1067 ὄντων
427 1026 565 1082 φύσει
592 1033 859 1083 πεφυκυῖαν,
889 1031 962 1070 καί
994 1028 1045 1070 οὔ
1073 1030 1196 1070 τοῦτο
1225 1025 1333 1070 εἶναι
1364 1023 1497 1081 ὄνομα
1524 1027 1547 1068 ὃ
1575 1025 1627 1071 εἴν

169 1086 278 1148 τινὲς
325 1101 570 1152 ξυνθέμενοι
614 1103 754 1142 καλεῖν
798 1101 956 1149 καλῶσι
998 1101 1072 1155 τῆς
1113 1099 1254 1142 αὑτῶν
1298 1102 1439 1156 φωνῆς
1475 1097 1625 1155 μόριον

168 1170 540 1226 ἐπιφθεγγρμενοι,
583 1169 687 1217 ἀλλὰ
717 1172 929 1226 ὀρθότητά
954 1188 1056 1220 ,τινα
1083 1173 1165 1213 τῶν
1197 1173 1414 1223 ὀνομάτων
1442 1175 1626 1227 πεφυκέ-

172 1257 241 1283 ναι
271 1244 343 1299 καί
362 1238 529 1297 Ἕλλησι
559 1241 629 1284 καί
655 1241 890 1298 βαρβάροις
927 1243 1005 1297 τὴν
1034 1242 1166 1297 αΰτὴν
1195 1238 1354 1286 ἅπασιν
1387 1251 1498 1299 (pag.
1531 1245 1626 1287 383.

168 1315 240 1366 A).
297 1312 362 1356 Ad
392 1316 497 1370 quod
513 1316 702 1371 Socrates
729 1328 813 1369 rem
845 1316 941 1356 dicit
967 1327 1060 1357 esse
1090 1317 1362 1369 perdifficilem
1393 1318 1444 1358 ad
1476 1319 1625 1359 diiudi-

168 1387 335 1430 candum
351 1402 364 1440 ;
407 1400 532 1444 seque
560 1400 641 1430 non
675 1379 878 1451 audivisse
910 1389 1020 1430 dolet
1049 1388 1207 1430 Prodici
1235 1386 1625 1444 πεντηκοντάδραχ-

166 1475 246 1512 μον
276 1461 499 1513 ἐπίδειξιν,
544 1473 660 1514 quam
700 1462 765 1514 qui
806 1462 977 1502 audierit
1011 1460 1109 1515 περὶ
1141 1461 1358 1512 ὀνομάτων
1399 1460 1628 1516 ὀρθότητος

170 1546 263 1578 esse
292 1534 498 1575 edoctum:
529 1547 618 1589 pag.
642 1533 737 1576 384.
758 1537 809 1576 B:
839 1534 895 1576 Εἰ
907 1535 986 1587 μὲν
1005 1529 1077 1577 οὖν
1103 1531 1182 1588 ἐγώ
1217 1528 1295 1589 ἤδη
1324 1531 1483 1588 οἰκηκόη
1510 1531 1627 1587 ῃαρά

168 1607 388 1659 Προδίκου
435 1605 508 1659 τήν
545 1605 995 1661 πεντηκοντάδραχμον
1036 1608 1258 1656 ἐπιδειξιν,
1306 1602 1629 1661 ἢν-οἶκούσαντι

165 1676 349 1730 ὑπάρχει
379 1676 474 1731 περὶ
503 1674 626 1718 τοῦτο
654 1678 995 1730 πεπαιδεῦσθαι,
1035 1673 1090 1725 ὥς
1121 1692 1249 1730 φησιν
1282 1674 1435 1725 ἐκεῖνος
1454 1707 1467 1728 ,
1507 1676 1630 1718 οὐδὲν

144 1744 220 1790 -ἂν
247 1746 403 1801 ἐκώλυέ
448 1764 493 1789 σε
535 1750 684 1791 αὐτίκα
714 1747 829 1801 μάλα
862 1749 1020 1790 εἰδέναι
1064 1747 1140 1802 τὴν
1173 1747 1381 1803 ἀλήθειαν
1408 1751 1506 1802 περὶ
1536 1750 1630 1789 ὀνο-

166 1822 314 1876 μάτων
343 1818 583 1876 ὄρθότητος·
627 1823 702 1865 νῦν
721 1823 776 1863 -δὲ
799 1821 874 1863 οὐκ
905 1819 1077 1876 ἀκήκοα,
1106 1819 1213 1864 α’λλοὶ
1244 1820 1317 1876 τήν
1347 1819 1625 1877 δραχμιαίαν·

170 1889 324 1935 οὔκουν
354 1889 447 1935 οἶδα
465 1927 477 1947 ,
515 1895 571 1950 πῇ
602 1884 700 1936 ποτὲ
729 1892 776 1935 τὸ
799 1894 962 1948 ,ἀληθὲς
991 1892 1082 1948 ἔχει
1110 1894 1209 1946 περὶ
1234 1896 1318 1936 τῶν
1346 1893 1557 1936 τοιούτων.
1578 1896 1627 1944 ³¹⁴)

154 1966 264 2010 Tum
280 1962 556 2021 Hermogenes
577 1968 670 2008 Kal
696 1965 780 2020 μὴν
810 1964 950 2021 ἔγωγε,
977 1968 1118 2021 inquit,
1147 1962 1182 2008 αἶ
1209 1967 1441 2021 Σώκρατες,
1471 1965 1626 2008 πολλοί-

167 2054 230 2087 κις
250 2037 302 2093 δὴ
323 2038 393 2079 καί
412 2037 542 2096 τούτῳ
563 2040 803 2092 διαλεχθείς
822 2041 894 2079 καί
910 2035 1051 2088 ἄλλοις
1069 2043 1235 2087 πολλοῖς
1254 2039 1307 2079 ου’
1319 2036 1508 2089 δύναμαι
1535 2054 1626 2078 πει·

214 2152 249 2197 θ)
264 2153 298 2186 Si
314 2162 356 2185 ex
370 2152 422 2184 his
433 2152 583 2185 Platonis
596 2153 710 2185 verbis
724 2151 932 2196 colligimus,
942 2151 1074 2185 Prodici
1089 2153 1265 2191 ἐπίδειξιν
1278 2150 1629 2196 πἐντηκοντάδραχ-

165 2213 240 2248 μον
237 2168 605 2232 'fuissedeverhorum
620 2199 836 2241 rectitudine,
849 2199 1004 2233 cumillis
1015 2198 1382 2232 concilianturCharm.
1395 2208 1475 2242 pag.
1490 2199 1567 2232 163.
1579 2199 1627 2232 D:

166 2250 246 2284 Καὶ
255 2243 330 2294 γὰρ
342 2246 534 2294 Προδίκου
546 2250 662 2293 μυρία
673 2243 757 2282 τινὰ
774 2245 913 2290 ἀκήκοα
925 2250 1018 2290 περὶ
1027 2245 1223 2295 ὀνομάτων
1236 2246 1478 2291 διαιροῦντος
1492 2251 1526 2279 et
1536 2246 1627 2280 Prot.

165 2306 244 2339 pag
260 2294 339 2329 341.
355 2294 397 2335 A,
424 2295 481 2327 ubi
497 2295 667 2334 Socrates,
691 2298 872 2338 postquam
890 2294 1085 2328 discrimine
1101 2290 1191 2337 quod
1207 2294 1250 2326 sit
1264 2294 1354 2327 inter
1368 2293 1506 2330 εἶναιεί
1522 2297 1630 2340 γενέ-

168 2347 263 2378 σθαι
280 2343 436 2386 exposito
451 2342 658 2376 Simonidem
672 2341 859 2375 defendere
876 2348 1018 2377 conatus
1033 2342 1240 2382 Protagorae
1256 2351 1434 2375 assensum
1449 2352 1518 2374 non
1539 2341 1629 2384 tulit,

166 2388 221 2425 Σὺ
248 2390 299 2433 δέ,
325 2391 453 2434 inquit,
470 2389 588 2435 ἄλλων
616 2390 761 2424 πολλῶν
787 2386 965 2448 ἔμπειρος
989 2389 1041 2424 ὥν
1070 2387 1200 2444 ταύτης
1226 2390 1308 2434 (τῆς
1332 2389 1529 2443 Προδίκου
1562 2400 1629 2423 σο-

168 2436 302 2493 φίας)
307 2436 463 2483 ἄπειρος
490 2436 589 2473 εἶναι
605 2434 769 2483 φαίνει,
806 2435 875 2482 οὐχ
904 2436 1030 2480 ωσπερ
1066 2431 1136 2481 ἐγὼ
1174 2437 1352 2483 ἔμπειρος
1376 2433 1439 2471 διὰ
1464 2440 1531 2471 τοῦ
1554 2449 1629 2482 μα-

167 2478 279 2528 9ητιῖς
313 2485 412 2521 εἶναι
434 2485 629 2531 Προδίκου
663 2486 821 2519 τουτουι.
871 2484 959 2517 Nam
994 2482 1214 2517 Charmidae
1234 2489 1269 2517 et
1306 2484 1516 2528 Protagorae
1541 2482 1628 2516 locis

168 2532 326 2570 Socrates
353 2542 390 2564 se
415 2531 589 2565 audivisse
613 2531 659 2564 ait
683 2530 816 2564 Prodici
843 2530 980 2564 scholas
1005 2530 1047 2563 de
1072 2529 1242 2564 similibus
1269 2532 1478 2564 diversarum
1505 2541 1628 2563 vocum

166 2578 476 2624 significationibus
501 2571 753 2613 discernendis:
780 2578 816 2610 in
841 2577 981 2620 Cratylo
1001 2587 1039 2610 se
1062 2587 1133 2610 non
1161 2579 1337 2612 audivisse
1363 2579 1446 2612 dicit
1473 2576 1626 2611 eiusdem

165 2626 569 2674 πεντηκοντάδραχμον
594 2627 781 2667 ἐπίδειξιν,
802 2632 894 2669 quae
922 2630 994 2658 erat
1017 2625 1060 2658 de
1086 2626 1263 2660 nominum
1284 2626 1499 2660 rectitudine.
1530 2626 1628 2666 Quae

163 2674 348 2717 explicatio
374 2678 568 2723 quanquam
598 2673 860 2718 simplicissima,
884 2682 951 2704 non
968 2678 1021 2706 est
1046 2678 1160 2706 tamen
1176 2675 1385 2711 necessaria
1410 2673 1629 2707 Potuitenim

163 2722 345 2763 Socrates,
383 2719 494 2754 utriim
521 2732 559 2755 re
591 2732 674 2755 vera
707 2719 839 2755 Prodici
868 2719 1007 2763 qu'oque
1033 2720 1217 2765 disciplina
1252 2726 1345 2754 essct
1372 2720 1415 2753 de
1448 2720 1629 2752 nominum

164 2770 370 2804 rectitudine
395 2779 464 2802 non
489 2780 634 2813 curans,
666 2768 800 2815 Prodici
831 2767 873 2801 de
898 2769 1099 2812 synonymis
1127 2779 1215 2814 quae
1248 2767 1364 2802 dicunt
1389 2763 1527 2800 scholas
1560 2777 1627 2799 ne-

166 2816 356 2862 gligentius
382 2817 442 2850 illo
471 2819 609 2851 nomine
633 2817 840 2862 significare,
867 2821 904 2849 ut
920 2815 1076 2859 Euthy.d
1097 2827 1177 2861 pag.
1203 2818 1281 2851 277.
1306 2814 1345 2848 E.
1374 2815 1442 2848 Alii
1472 2826 1542 2848 rem
1557 2814 1627 2847 ali-

164 2869 218 2899 ter
233 2865 474 2911 expedierunt.
489 2875 565 2899 cum
578 2865 754 2910 Spengelii
771 2874 848 2908 pag.
866 2864 923 2899 47.
946 2865 1038 2897 conf.
1048 2864 1254 2899 Wclckerus
1270 2866 1349 2908 pag
1366 2863 1445 2897 559.
1458 2869 1539 2909 ctq.
1552 2873 1626 2906 seq.
