1871 3204
641 120 1002 167 -177—

93 249 181 284 cum
200 241 349 298 Gorgia
372 241 635 300 confundere,
665 260 831 303 quorum
847 248 912 289 hic
931 248 1104 290 libellum
1135 245 1235 303 περὶ
1260 248 1338 290 τοῦ
1354 244 1412 302 μὴ
1433 238 1548 295 ὄντος

18 338 21 340 -
96 315 376 369 conscripsit.“
430 319 556 368 Quam
588 321 866 362 coniecturam·
885 321 1155 374 probaverunt
1183 320 1392 362 Herbstius
1422 330 1550 372 argu-

93 388 237 430 mentis
252 401 350 431 usus
363 391 597 445 levioribus,
612 404 743 445 »quam
760 401 862 446 quae
877 393 1117 434 refutatione
1149 398 1296 448 egeant
1323 398 1438 447 (pag.
1455 392 1549 433 112.

94 463 139 500 et
162 472 200 513 q.
231 468 367 516 seqq.)
409 468 472 518 et,
512 471 734 519 quanquam
764 465 844 506 bi'c'
870 465 1109 517 dubitanter,
1137 465 1372 510 Brandisius
1399 465 1549 506 Histor.

94 532 237 584 philos.
265 539 359 578 tom.
378 537 404 577 l.
426 548 517 590 pag.
530 535 623 577 526.
643 560 692 569 -
710 537 790 577 Sed
820 537 981 577 nimium
1010 548 1109 577 sane
1139 538 1218 577 boc
1244 538 1414 589 videtur,
1444 537 1549 578 Por-

95 604 237 657 phyrio
267 606 345 647 duo
374 609 568 660 imputare
597 603 772 657 errores,
804 608 1035 648 nominasse
1065 607 1218 648 scilicet
1249 609 1549 662 eum-Protago-

95 687 181 717 ram
211 688 284 730 pro
324 679 502 734 Gorgia,
532 678 679 720 deinde
711 674 888 733 Gorgiae
916 680 1058 721 librum
1088 681 1292 730 tribuisse,
1320 692 1435 732 quem
1465 693 1549 722 non

95 750 310 803 scripsisse
327 752 432 794 illum
449 756 620 804 constat,
636 753 823 807 περὶτοῦ
838 745 955 802 ὄντος
967 766 981 798 >
995 752 1114 806 idque
1130 752 1233 793 nulla
1251 751 1327 793 alia
1346 751 1396 792 de
1414 764 1549 805 causa,

96 825 322 877 quamquia
343 829 483 865 errare.
496 824 735 878 Porphyrius
750 826 934 878 potuerit.
966 826 1083 883 Quod
1101 826 1206 866 enim
1221 826 1426 879 Diogenes
1445 827 1550 867 hunc

96 895 139 935 iu
169 895 412 950 Protagorae
440 896 662 938 librissnon
692 902 909 948 memorat,
939 898 980 938 in
1011 909 1062 938 eo
1093 897 1270 938 offendat
1299 899 1458 938 nonnisi
1484 900 1551 951 qui

94 966 270 1008 Herbstii
298 969 494 1009 rationem
523 974 686 1010 secutus
714 970 847 1010 omnia
879 970 1120 1024 conquirere
1148 970 1255 1020 velit,
1287 970 1429 1022 quibus
1450 970 1553 1009 Pro-

97 1033 264 1093 tagorae
293 1037 527 1094 scr-iptorum
565 1053 752 1082 numerus
783 1052 864 1092 uno
903 1029 1113 1082 minuatur.
1171 1041 1269 1083 Nam
1302 1052 1420 1095 quam
1449 1041 1552 1082 levis

96 1111 148 1152 sit
171 1112 211 1152 in
239 1111 302 1176 his
331 1113 453 1153 rebus
475 1114 670 1167 Diogenis
699 1114 930 1164 auctoritas,
955 1114 1021 1165 qui
1049 1125 1131 1154 non
1164 1113 1325 1154 aliunde
1355 1113 1458 1154 sciat
1487 1112 1554 1153 vel

98 1195 150 1223 ex
167 1194 217 1224 eo
233 1186 462 1238 perspicere
478 1187 616 1239 possit,
641 1186 748 1239 quod
764 1187 883 1226 etiam
897 1185 1129 1226 Aristotelis
1143 1184 1333 1226 librorum
1354 1185 1555 1239 gravissi-

95 1267 183 1297 mos
199 1257 412 1299 nonnullos
430 1258 495 1298 ille
508 1258 789 1311 praetermisit.
816 1258 1001 1299 Ceterum
1015 1258 1049 1298 si
1065 1262 1278 1311 propterea
1295 1258 1555 1311 Protagoram

98 1329 276 1370 arbitrati
297 1335 388 1371 sunt
406 1331 659 1383 aPorphyrio
675 1343 763 1371 cum
778 1330 928 1384 Gorgia
948 1342 1045 1371 esse
1058 1335 1331 1383 permutatum,
1365 1332 1454 1384 quia
1473 1330 1553 1371 hoc

93 1400 195 1443 libro
227 1401 324 1452 τοὺς
351 1403 395 1444 ἓν
422 1401 466 1444 τὰ
499 1398 544 1444 ὃν
570 1401 811 1456 εἰσάγοντας
841 1402 970 1443 refelli
1000 1402 1119 1457 dicat,
1151 1403 1322 1456 Gorgias
1343 1414 1442 1442 vero
1466 1403 1553 1455 ipse

95 1484 252 1526 quoque
281 1475 357 1514 οὐκ
388 1471 498 1515 εἶναι
519 1474 563 1515 ἓν
590 1472 639 1514 τὸ
671 1467 718 1514 ὅν
749 1475 956 1515 statuerit-z
985 1486 1036 1531 ne
1064 1474 1143 1515 hoc
1174 1474 1333 1527 quidem
1360 1473 1475 1515 ullius
1492 1479 1557 1515 est

94 1547 296 1588 momenti.
356 1546 481 1595 Quam
510 1545 616 1586 enim
644 1545 734 1586 leve
759 1546 812 1587 sit
843 1547 1005 1587 omnino
1032 1548 1118 1587 eius
1135 1546 1244 1587 modi
1279 1550 1554 1599 argumentum

91 1624 133 1660 ut
159 1624 337 1670 taceam,
377 1618 457 1659 hoc
490 1618 581 1658 loco
611 1629 661 1658 eo
695 1619 824 1661 minus
851 1618 944 1658 illud
975 1619 1071 1658 ferri
1099 1623 1256 1671 potest,
1286 1630 1365 1671 quo
1394 1618 1550 1671 planius

90 1704 207 1745 quam
247 1676 393 1744 optime
433 1703 521 1731 cum
550 1690 820 1743 Protagoreae
861 1689 1141 1743 philosophiae
1168 1695 1307 1731 natura
1341 1703 1549 1744 congrue-
1598 1733 1601 1737 ,

88 1767 139 1807 rit
178 1769 220 1806 ut
262 1776 374 1805 suum
413 1764 463 1804 de
503 1775 635 1804 rerum
673 1763 782 1804 fluxu
819 1762 1004 1816 placitum
1046 1763 1237 1817 probaret
1276 1763 1547 1805 Eleaticorum

88 1838 413 1892 philosophorum
441 1837 636 1877 rationem
664 1835 899 1889 impugnare
932 1837 1172 1876 contrariam
1197 1837 1265 1876 uni
1295 1838 1437 1888 cuique
1475 1849 1547 1889 ap·

87 1915 215 1964 paret.
270 1911 342 1951 ·At
390 1905 681 1950 obtrectatores
725 1907 780 1949 illi
827 1908 1048 1950 Abderitae
1095 1921 1118 1949 a
1164 1909 1382 1962 Protagora
1425 1921 1547 1962 pror-

88 1994 157 2025 sus
198 1982 278 2023 hoo
322 1982 493 2022 alienum
537 1981 661 2021 fuisse
705 1980 926 2024 clamitant:
979 1983 1121 2033 quippe
1167 1982 1253 2034 qui
1277 1986 1428 2030 tantum
1468 1982 1546 2021 ab-

85 2055 205 2096 fuerit
239 2059 282 2095 ut
322 2055 389 2107 qui
430 2059 522 2095 ante
555 2064 601 2094 se
639 2052 755 2094 aliter
795 2054 1018 2094 sensissent
1056 2054 1324 2107 impugnaret,
1365 2057 1407 2093 ut
1445 2053 1543 2094 nihil

83 2128 247 2170 omnino
283 2127 391 2180 quod
430 2125 706 2180 philosophum
745 2126 928 2174 deceret>
949 2113 1150 2179 proferret
1182 2123 1290 2166 novi.
1348 2126 1427 2167 Sed
1457 2138 1542 2167 non

82 2203 180 2243 satis
209 2201 397 2241 habuisse
425 2200 683 2253 Protagoram
715 2211 789 2240 sua
826 2204 1001 2241 statuere
1029 2200 1198 2253 placita,
1241 2200 1361 2241 immo
1396 2200 1541 2242 sedulo

84 2269 187 2315 eum*
212 2273 535 2314 adversariorum
572 2271 771 2312 rationem
813 2271 1002 2313 habuisse
1040 2284 1089 2313 eo
1131 2284 1288 2324 quoque
1330 2272 1540 2325 docemur,

84 2347 192 2401 quod
222 2347 272 2387 ab
303 2345 516 2387 Aristotele
548 2345 666 2385 etiam
696 2348 926 2398 geometras
954 2346 1208 2398 impugnasse
1238 2345 1404 2399 dicitur,
1434 2358 1540 2401 quo-

80 2431 168 2461 rum
191 2418 358 2473 figuris,
398 2418 541 2472 quippe
580 2428 682 2470 quae
723 2428 805 2457 non
846 2422 889 2459 ut
921 2418 970 2459 ab
1010 2417 1084 2457 illis
1114 2421 1386 2460 statuerentur
1416 2420 1469 2459 ita
1495 2421 1536 2460 in

81 2503 225 2536 sensus
258 2492 477 2545 caderent,
509 2491 560 2533 ad
589 2502 724 2531 verum
756 2490 1077 2544 perspiciendum
1109 2491 1164 2531 uti
1197 2502 1279 2532 non
1311 2504 1537 2545 possemus.

85 2550 174 2607 vi‘d.
196 2578 287 2620 pag.
309 2566 398 2606 190.
431 2566 468 2607 A
489 2565 683 2607 Cicerone
712 2563 762 2605 de
777 2563 887 2605 Orat.
905 2564 970 2605 lib.
988 2563 1050 2603 ΙΙΙ.
1085 2576 1172 2617 cap.
1190 2565 1348 2610 XXXII.
1379 2571 1418 2615 §-
1444 2566 1534 2607 128.

84 2640 327 2695 Protagoras
368 2639 408 2679 in
434 2638 497 2680 ¹iis
537 2639 783 2688 nominatur,
826 2637 891 2690 qui
931 2636 1136 2689 plurimum
1174 2639 1418 2691 temporibus
1457 2638 1535 2679 illis

83 2714 203 2757 etiam
220 2713 271 2753 de
300 2715 444 2762 natura
464 2716 596 2752 rerum
627 2715 668 2751 et
698 2709 957 2749 disseruerint
986 2714 1027 2750 et
1057 2712 1305 2764 scripserint.
1333 2709 1384 2750 Et
1413 2709 1532 2763 quum

82 2784 133 2825 de
164 2783 379 2826 biff're'bus
410 2783 549 2824 librum
582 2795 604 2824 a
636 2783 851 2835 Protagora
880 2783 1148 2838 conseriptum
1180 2794 1270 2823 esse
1299 2783 1416 2822 etiam
1448 2783 1535 2823 Pla-

81 2844 187 2900 ton&
220 2856 324 2901 locis
360 2857 540 2912 proxime
572 2854 840 2899 memorandis
884 2856 1162 2912 confirmetur,
1205 2866 1274 2895 cur
1314 2854 1533 2911 Porphyrio

1213 2935 1270 2979 12
