1871 3204
703 132 1027 175 ..21-

143 260 344 308 efficitur,
384 269 407 298 a
451 261 593 299 neutro
632 257 812 309 illorum,
862 258 928 311 qui
970 257 1146 299 Socratis
1196 261 1459 300 accusatores
1505 261 1595 310 post

143 331 409 378 exstiterunt,
456 330 626 382 pecunia
678 334 905 382 corruptum
952 330 1260 380 Aristophanem
1309 331 1444 372 Nubes
1487 330 1594 369 scri-

141 404 284 457 psisse.
315 427 365 435 -
413 400 468 441 ita
504 400 700 442 Freretus.
759 402 889 455 Atque
923 401 1035 454 quod
1081 401 1130 441 de
1162 401 1407 455 Protagorae
1451 401 1592 441 mortis

143 480 324 527 tempore
355 474 454 514 dixit
482 476 524 513 ut
551 473 694 525 probet
714 473 944 521 lectoribus,
973 486 1007 524 p.
1024 475 1117 513 229.
1134 475 1440 524 expositionem,
1473 484 1592 525 quam

98 540 105 542 ’
141 559 247 588 nunc
294 546 419 599 ipsum
450 548 688 595 tractamus,
733 556 825 596 „sur
854 544 959 598 l'age
998 544 1048 584 de
1080 544 1297 598 Protagore
1340 550 1380 586 et
1420 545 1457 585 la
1499 544 1608 598 date*

142 619 193 659 de
234 630 280 659 sa
326 618 670 659 condamnation“
718 617 896 658 conferri
923 617 1062 661 iube-t.
1133 617 1190 657 Ea
1234 618 1354 672 igitur
1394 619 1471 659 hoc
1515 619 1595 660 de-

142 694 402 731 monstratum
447 692 689 741 exspectes,
741 689 1000 742 Protagoram
1048 700 1127 729 non
1181 693 1272 729 ante
1311 701 1454 730 annum
1496 691 1593 731 410.

138 767 333 804 mortuum
382 774 499 803 esse:
557 763 613 802 ita
662 762 767 802 enim
807 762 911 803 inter
951 761 1045 804 424.
1097 767 1342 816 mortemque
1386 762 1591 816 sophistae

137 845 213 887 „au
248 834 401 875 moins“
430 833 746 887 quattuordecim
789 834 881 874 anni
913 834 1178 888 ⁴praeterlapsi
1219 840 1383 875 essent:
1423 847 1593 887 eamque

138 907 335 946 rationem
366 911 544 947 secutum
576 919 620 947 se
652 907 858 959 professus
887 911 958 947 est.
1015 906 1145 948 Nihilo
1176 908 1307 948 minus
1337 912 1485 947 tantum
1517 906 1595 947 ab-

140 978 227 1027 fuit,
255 982 296 1019 ut
323 978 427 1027 iliam
459 979 561 1020 viam
591 980 723 1030 iniret,
752 984 792 1020 ut
808 981 1075 1021 Democritum
1109 990 1191 1019 non
1224 983 1315 1031 post
1336 990 1482 1017 annum
1500 978 1595 1018 494.

138 1056 272 1091 natum
315 1064 410 1091 esse
461 1054 764 1105 computationis
804 1065 900 1094 suae
945 1053 1058 1104 quasi
1100 1051 1401 1091 fundamentum
1440 1061 1597 1102 ponens

139 1126 308 1163 aetatem
341 1124 426 1163 eius
461 1123 500 1163 in
541 1128 692 1176 tempus
732 1123 839 1177 quod
874 1126 1015 1176 posset
1051 1122 1370 1161 recentissimum
1411 1121 1595 1161 referret.

135 1195 233 1235 Nam
273 1196 492 1236 secundum
534 1200 712 1235 veterum
752 1195 979 1235 testimonia
1020 1206 1125 1234 anno
1170 1199 1238 1234 aut
1265 1194 1358 1234 509.
1402 1198 1470 1234 aut
1502 1194 1596 1234 504.
1641 1204 1646 1210 ‘

136 1272 204 1309 aut
231 1267 327 1309 490.
354 1271 489 1308 natum
521 1277 614 1308 esse
656 1266 926 1308 Democritum
967 1266 1053 1320 ipse
1092 1265 1277 1307 Freretus
1312 1265 1473 1319 posuit,
1517 1264 1596 1305 hoc

137 1351 259 1380 unum
293 1343 480 1379 constare
509 1350 691 1391 monens,
721 1349 826 1378 anno
857 1339 951 1379 480.
985 1350 1065 1378 non
1090 1340 1283 1379 maiorem
1315 1339 1440 1378 fuisse
1464 1339 1595 1391 phito-

137 1409 303 1463 sophum
332 1409 475 1463 viginti
506 1409 679 1462 quinque
710 1409 774 1449 vel
802 1410 962 1463 triginta
1001 1410 1114 1449 annis
1134 1441 1144 1459 ,
1188 1414 1321 1449 natum
1354 1421 1446 1449 esse
1475 1410 1595 1463 igitur

135 1494 225 1529 non-
259 1487 352 1523 ante
382 1484 475 1523 505.
508 1483 574 1522 vel
601 1483 695 1523 510.
772 1482 905 1530 Quare
952 1484 1113 1523 Frereto
1135 1491 1153 1534 ,·
1188 1483 1221 1523 si
1266 1482 1433 1522 eandem
1477 1493 1594 1534 quam

133 1554 341 1608 professus
369 1559 431 1596 est
459 1556 656 1596 rationem
687 1566 732 1596 re
760 1567 858 1596 vera
886 1556 1102 1606 tenuisset,
1134 1567 1383 1609 nequaquam
1411 1554 1594 1607 „Suppo-

133 1614 230 1666 sons
265 1637 342 1679 que
382 1626 641 1677 Democrite,
684 1626 735 1666 ne
782 1639 837 1667 au
872 1627 968 1678 plus
1007 1627 1117 1669 tard.
1142 1640 1191 1667 en
1230 1626 1335 1668 494ss
1381 1627 1594 1669 dicendum

134 1697 258 1739 fuisse
289 1703 476 1751 apparet,
507 1699 580 1739 sed
614 1699 688 1751 „ne
718 1711 773 1739 au
798 1699 931 1751 plutdt
956 1711 1005 1738 en
1036 1700 1154 1740 510.“
1211 1699 1267 1740 Ita
1306 1700 1410 1740 enim
1440 1701 1595 1741 Demo-

133 1771 221 1811 criti
249 1775 303 1822 et,
337 1783 452 1823 quam
486 1772 535 1811 ab
565 1771 629 1811 ilia
661 1772 900 1823 pendentem
933 1771 1040 1822 fecit,
1075 1772 1319 1826 Protagorae
1348 1777 1518 1814 aetatem
1550 1774 1593 1814 in

130 1847 285 1895 tempus
316 1854 431 1895 quam
463 1842 773 1895 antiquissimum
804 1844 1026 1883 reiecisset.

197 1915 308 1963 Quae
324 1919 555 1968 argumenta
571 1915 803 1968 pravissima
828 1927 878 1954 ne
896 1916 1053 1955 nimium
1083 1916 1286 1967 miremur,
1316 1915 1395 1956 hoc
1428 1927 1589 1970 semper

129 1991 351 2037 teneamus,
383 1999 463 2026 non
481 1998 531 2027 eo
547 1987 746 2028 Freretum
768 1987 937 2027 consitio
955 1991 1076 2027 totam
1101 1988 1318 2027 instituisse
1336 1987 1587 2040 disquisitio-

131 2070 235 2110 nem,
251 2062 293 2098 ut
308 2058 518 2109 inveniret,
531 2059 639 2112 quod
654 2058 720 2099 ubi
739 2063 845 2098 esset
863 2058 1051 2108 nesciret,
1066 2059 1136 2098 sed
1153 2061 1193 2099 ut
1212 2061 1448 2099 sententiam
1465 2072 1587 2113 prae-

128 2133 360 2181 occupatam
389 2128 631 2182 argumentis
660 2128 998 2181 qualibuscunque
1025 2128 1227 2180 firmaret,
1259 2141 1425 2181 quorum
1457 2132 1584 2182 ipsum

125 2201 242 2241 fidem
274 2200 378 2242 haud
411 2202 544 2255 magui
574 2201 721 2242 ducere
750 2206 927 2254 apparet.
985 2201 1082 2242 Nam
1103 2201 1307 2242 secundae
1336 2202 1456 2243 libelii
1487 2215 1585 2256 par-

124 2274 269 2315 ticulae
296 2286 367 2328 spe
396 2284 471 2314 nos
499 2271 741 2322 consolatur,
769 2283 845 2324 qua
873 2273 999 2325 ipsum
1020 2273 1114 2314 410.
1134 2275 1273 2313 mortis
1296 2286 1439 2315 annum
1462 2275 1586 2316 tuisse

123 2347 247 2388 firmis
278 2347 478 2400 certisque
507 2345 754 2386 documentis
786 2356 832 2385 se
863 2344 1223 2387 demonstraturum
1246 2346 1463 2399 profitetur.
1521 2348 1587 2389 Ad

124 2417 232 2459 hanc
280 2417 444 2459 alteram
490 2417 610 2471 igitur
652 2415 930 2469 disputationis
974 2421 1128 2470 partem
1169 2429 1275 2459 nunc
1319 2424 1583 2461 transeamus.

122 2490 277 2531 Audias
306 2502 396 2544 pag.
430 2491 522 2532 279.
555 2491 608 2531 ita
635 2493 924 2542 exponentem:

181 2563 387 2616 „Diogene
401 2562 554 2604 Laerce
569 2574 671 2603 nous
685 2561 874 2615 apprend,
890 2573 982 2614 que,
997 2574 1044 2603 ce
1059 2563 1237 2616 sophiste
1255 2569 1373 2620 ayant
1396 2565 1465 2605 tait
1481 2564 1581 2605 dans

120 2647 199 2675 une
216 2636 369 2676 maison
384 2636 602 2677 d'Athenes
619 2637 656 2676 ta
673 2635 821 2676 lecture
838 2635 889 2675 de
906 2647 981 2676 son
999 2637 1100 2677 livre
1120 2638 1191 2678 des
1205 2639 1346 2690 Dieux,
1362 2650 1413 2678 on
1431 2639 1484 2678 sut
1499 2639 1579 2678 tres

119 2707 275 2749 revolte
304 2707 354 2750 de
375 2708 411 2749 la
429 2708 549 2761 saecu
576 2707 816 2762 impudente,
846 2706 944 2749 dont
974 2708 1000 2750 il
1029 2722 1056 2763 y
1084 2711 1229 2751 traitait
1257 2710 1295 2751 ta
1324 2712 1505 2764 question
1526 2710 1579 2750 de

122 2780 210 2821 leur
238 2781 472 2822 existence:
517 2781 628 2821 Pour
655 2795 701 2822 ce
728 2780 796 2833 qui
823 2782 995 2833 reqarde
1040 2784 1097 2823 tes
1144 2783 1306 2832 Dieuoe,
1335 2797 1361 2835 y
1389 2783 1579 2823 disait-ii

128 2862 178 2892 en
206 2851 245 2893 le
285 2858 561 2905 commeucant
578 2885 590 2905 ‚
627 2855 676 2907 je
715 2865 766 2894 nc
790 2852 885 2905 puis
928 2853 1114 2906 de'cidem
1157 2855 1224 2894 s’it
1243 2869 1274 2911 y
1301 2866 1349 2894 en
1380 2865 1410 2893 α
1435 2866 1488 2893 ou
1515 2854 1584 2895 s't'l
