1871 3204
825 160 887 169 -—
960 137 1154 182 221-

257 266 328 318 n'y
366 277 415 305 en
451 277 478 305 a
511 264 639 316 point.
703 255 921 307 Evanthies
974 265 1111 315 [immo
1152 263 1337 317 Euathle]
1383 264 1496 305 selon
1537 264 1730 315 Aristote,

258 349 311 378 ou
340 336 579 391 Pythodore,
605 335 666 375 fils
695 335 746 376 de
775 335 960 389 Polyzele
977 366 989 387 ,
1021 335 1137 376 selon
1167 334 1368 385 d’autres‚
1396 334 1584 386 denonca
1612 336 1717 377 Pro-

258 414 401 463 tagore
431 421 483 449 au
511 408 685 449 tribunal
718 408 790 450 des
828 412 1158 461 quatre-cents,
1200 411 1240 448 et
1279 407 1429 448 intenta
1477 412 1616 448 contre
1653 399 1712 449 'lui

248 494 326 521 une
368 481 503 521 action
545 480 760 534 d'impiete.
820 480 875 521 Ce
918 480 1125 534 sophiste,
1168 479 1218 520 de
1264 481 1417 520 crainte
1449 479 1501 520 de
1529 480 1643 521 boire
1672 480 1710 521 13

251 555 368 607 cigue
387 584 399 605 ,
440 565 599 595 comme
627 554 663 595 le
694 554 751 595 dit
777 554 917 594 Timon
947 552 998 593 de
1027 553 1224 604 Phliasie‚
1266 553 1343 605 prit
1380 552 1418 592 la
1458 552 1553 592 fuite
1587 556 1631 592 et
1663 564 1709 593 se

244 627 365 666 retira
397 639 449 667 en
477 627 623 678 Sicile;
657 628 759 667 mais
791 627 818 667 il
843 626 946 679 perit
976 637 1027 665 en
1059 625 1216 666 chemin
1243 637 1344 666 avec
1371 625 1410 666 le
1438 626 1624 666 vaisseau
1642 625 1708 677 qui

243 698 281 738 le
314 700 497 751 portait.“
529 724 584 731 —
616 699 774 739 Deinde
805 698 947 739 multus
978 702 1041 738 est
1068 697 1306 751 Menagium‚
1338 699 1404 750 qui
1434 697 1708 751 quadringen-
1761 727 1765 730 -

245 775 311 811 tos
345 771 421 812 sibi
452 772 615 824 ignotos
645 782 739 811 esse
772 771 985 812 confessus
1013 775 1087 822 est,
1115 771 1294 812 edocens
1314 771 1381 824 qui
1401 769 1572 813 fuerint:
1599 782 1705 811 anno

243 844 340 885 411.
370 855 446 884 eos
473 844 616 885 iniisse
646 843 904 895 dominatum,
934 844 1033 886 410.
1064 844 1246 886 deiectos
1278 855 1383 885 esse.
1410 869 1465 876 —
1494 843 1573 896 „La
1604 855 1707 884 con-

245 916 476 958 damnation
505 917 555 957 de
596 917 633 958 la
668 929 870 970 personne
914 921 954 958 et
994 917 1047 958 du
1081 917 1183 958 livre
1223 918 1275 958 de
1307 918 1528 971 Protagore
1570 917 1707 970 parte

242 989 416 1030 tribunal
449 990 522 1031 des
551 995 852 1043 quatre-cents
889 994 952 1031 est
980 990 1087 1030 donc
1119 989 1170 1030 de
1203 990 1281 1030 l’an
1311 990 1388 1030 411
1423 1002 1475 1030 ou
1508 990 1560 1030 du
1591 1002 1706 1030 com-

242 1067 498 1103 mencement
527 1062 577 1103 de
605 1062 684 1103 l’an
716 1060 823 1113 410,
864 1064 1032 1116 puisque
1064 1074 1112 1103 ce
1140 1061 1310 1103 tribunal
1338 1062 1401 1102 n'a
1433 1074 1505 1114 pas
1532 1061 1705 1103 subsiste

241 1135 328 1189 plus
357 1135 647 1189 long-temps.“

353 1208 466 1256 Quae
497 1208 786 1249 demonstratio
816 1207 1117 1261 speciosissima
1147 1207 1265 1248 valde
1293 1208 1488 1248 arridebit
1513 1208 1592 1257 iis,
1637 1208 1704 1259 qui

240 1280 281 1320 in
312 1280 464 1320 Frereti
491 1281 617 1320 verba
647 1281 780 1320 iurare
810 1279 947 1320 velint.
1004 1280 1046 1321 Si
1076 1280 1165 1332 quis
1193 1290 1292 1319 vero
1324 1280 1548 1332 Diogenem
1579 1278 1706 1318 Laer-

240 1353 338 1393 tium
369 1353 590 1404 evolverit,
634 1352 738 1406 apud
767 1365 858 1393 eum
886 1353 1059 1394 inveniri
1089 1363 1172 1392 non
1203 1363 1352 1405 posse,
1385 1351 1493 1404 quod
1519 1352 1706 1392 Freretus

242 1426 449 1466 invenisse
467 1426 544 1466 sibi
575 1425 746 1476 videtur,
775 1425 948 1466 maxime
977 1425 1012 1466 is
1045 1425 1209 1477 dolebit.
1267 1425 1473 1478 Diogenes
1504 1424 1613 1464 enimv
1637 1424 1705 1464 lib.

241 1497 309 1539 IX.
339 1502 380 1548 §.
408 1498 474 1539 54.
533 1498 828 1552 Pythodorum,
860 1510 983 1538 unum
1015 1510 1069 1539 ex
1096 1497 1419 1551 quadrinyentis,
1459 1497 1705 1551 Protagorae

241 1575 520 1612 accusatorem
557 1571 682 1611 fuisse
728 1571 875 1624 tradit,
927 1581 1008 1611 non
1050 1581 1150 1611 vero
1192 1569 1453 1624 Protagoram
1494 1582 1518 1611 a
1555 1569 1706 1623 Pytho-

240 1643 343 1684 doro
381 1643 495 1696 apud
523 1643 837 1696 quadrinyentos
866 1656 979 1684 reum
1009 1643 1155 1684 factum
1195 1655 1300 1684 esse.
1361 1643 1435 1692 Qui
1471 1643 1707 1684 manifestus

238 1721 301 1757 est
330 1729 459 1758 error.
518 1717 615 1757 Cum
649 1717 756 1756 enim
786 1717 982 1770 Diogenis
1014 1717 1138 1756 verba
1167 1716 1271 1756 haec
1300 1718 1396 1756 sint:
1426 1714 1706 1770 Κατηγόρησε

240 1789 288 1831 δὲ
319 1787 456 1830 αὐτοῦ
471 1787 742 1840 Πυθόδωρος
769 1786 1025 1843 Πολυζήλου
1057 1782 1117 1837 εἷς
1145 1790 1230 1829 τῶν
1258 1787 1549 1841 τετρακοσίων·
1576 1788 1705 1841 Ἀρι-

239 1862 434 1916 στοτέλης
480 1863 528 1901 δὲ
557 1856 758 1902 Εὔαθλόν
788 1876 946 1915 (prmum
991 1862 1197 1902 Freretum
1224 1872 1297 1914 pro
1328 1856 1382 1902 εἷ
1390 1876 1408 1909 ς
1441 1861 1592 1914 legisse
1630 1860 1707 1910 εἰς

242 1939 433 1989 apparet,
461 1934 503 1975 id
529 1935 661 1989 quod,
693 1946 781 1975 cum
812 1934 930 1976 facile
961 1935 1148 1976 accidere
1179 1936 1353 1989 potuerit
1385 1934 1556 1975 celerius
1583 1934 1707 1975 verba

237 2009 506 2062 percurrenti,
538 2009 687 2049 accidit
716 2009 833 2049 etiam
868 2009 1065 2062 Diogenis
1092 2009 1312 2062 interpreti,
1343 2010 1424 2062 qui,
1453 2013 1495 2048 ut
1521 2008 1707 2048 Freretus

240 2093 314 2134 „au
348 2081 522 2122 tribunal
553 2081 625 2122 des
657 2086 982 2134 quatre-cents“‚
1011 2082 1152 2123 Latine
1182 2082 1299 2123 vertit
1326 2082 1400 2134 „ad
1429 2081 1707 2134 quadringen-

239 2159 327 2195 105ἐς
347 2186 359 2206 ,
390 2155 504 2207 quasi
534 2154 639 2207 apud
669 2155 894 2208 Diogenem
925 2159 1034 2195 esset
1067 2151 1328 2208 κατηγόρησε
1364 2154 1409 2193 δὲ
1441 2152 1579 2193 αὐτοῦ
1606 2155 1708 2193 Πυ-

236 2226 430 2279 θόδωρος
460 2221 719 2280 Πολυζήλου
763 2227 844 2275 εἰς
884 2227 968 2267 τῶν
1007 2228 1297 2281 τετρακοσίων.
1369 2226 1418 2266 Ut
1460 2225 1565 2266 haud
1605 2224 1709 2265 male

240 2299 465 2350 coniicias,
497 2310 579 2338 non
607 2299 693 2351 ipsa
724 2299 921 2352 Diogenis
952 2298 1077 2338 verba
1107 2298 1311 2339 Freretum
1343 2299 1596 2351 inspexisse,
1636 2297 1709 2337 sed

237 2383 290 2411 ex
319 2371 651 2425 interpretatione
679 2371 820 2412 Latina
861 2371 968 2413 hunc
999 2371 1133 2412 locum
1176 2371 1229 2411 ad
1271 2370 1549 2425 disputandum
1588 2369 1708 2411 adhi-

238 2444 390 2484 buisse,
447 2444 574 2485 Maius
608 2449 738 2485 autem
768 2444 984 2486 intercedit
1014 2445 1230 2486 discrimen
1260 2446 1364 2486 inter
1390 2445 1584 2498 Diogenis
1614 2456 1709 2484 sen-

238 2517 405 2556 tentiam
438 2521 477 2557 et
497 2517 866 2570 interpretationem
882 2518 1205 2569 Ambrosianum,
1234 2529 1352 2571 quam
1379 2517 1506 2570 primo
1542 2522 1708 2571 aspectu
1782 2500 1789 2506 ι

241 2588 422 2629 fortasse
449 2590 643 2631 videatur.
679 2590 778 2631 Nam
799 2590 834 2630 si
860 2603 905 2631 re
925 2603 1023 2632 vera
1047 2591 1150 2644 apud
1167 2591 1482 2644 quadringentos
1513 2596 1709 2643 tyrannos

238 2662 485 2715 Protagoras
529 2667 743 2704 accusatus
787 2667 922 2714 esset,
966 2664 1045 2705 hoc
1082 2674 1165 2704 non
1197 2664 1391 2716 potuisset
1421 2664 1498 2704 nisi
1530 2663 1606 2704 illis
1637 2675 1709 2703 re-

239 2734 483 2787 gnantibus:
516 2738 559 2774 ut
587 2739 766 2788 tempus,
798 2747 876 2789 quo
909 2736 1088 2789 sophista
1118 2736 1257 2776 vivere
1288 2736 1493 2792 desiisset,
1522 2737 1562 2776 in
1592 2747 1708 2776 com-

242 2812 357 2859 perto
402 2806 658 2848 haberemus.
738 2808 834 2849 Cum
879 2820 979 2850 vero
1024 2808 1275 2862 Pythodorus
1323 2809 1705 2863 quadringentorum

241 2892 410 2921 numero
441 2880 567 2922 semel
599 2881 794 2935 ascriptus
809 2883 928 2924 etiam
949 2887 1041 2936 post
1064 2881 1232 2924 solutum
1251 2882 1406 2924 iliorum
1422 2882 1629 2935 imperium
1646 2877 1706 2931 εἷς
