1871 3204
189 885 815 964 QUAESTIONUM
866 882 1654 949 PROTAGOREARUM

585 1056 811 1103 LIBER
866 1054 1265 1104 SECUNDUS.

477 1200 1000 1242 PRoTAGoRAE
1028 1199 1375 1242 FLAGITA.

303 1424 367 1466 Ex
394 1423 569 1466 Platonis
599 1425 878 1478 potissimum,
907 1425 1164 1475 Aristotelis,
1192 1424 1300 1467 Sexti
1333 1424 1521 1478 Empirici
1550 1423 1661 1465 libris

191 1497 441 1551 Protagorae
490 1497 636 1550 placita
685 1502 748 1538 sat
792 1501 902 1537 certe
944 1497 1099 1537 definiri
1139 1501 1318 1549 possunt.
1394 1497 1525 1549 Atque
1570 1508 1658 1537 cum

189 1569 295 1624 apud
323 1570 587 1611 Aristotelem
617 1568 861 1624 Sextumque
897 1570 964 1611 ubi
1000 1569 1271 1624 Protagoreae
1310 1570 1532 1610 sententiae
1571 1580 1660 1609 me-

191 1647 402 1683 morentur
429 1642 549 1683 facile
579 1643 632 1683 sit
663 1643 714 1683 ad
744 1643 1082 1695 perspiciendum,
1113 1643 1203 1694 quia
1235 1642 1382 1695 ubique
1416 1641 1566 1682 diserte
1593 1643 1656 1681 in-

194 1714 372 1755 dicatum
412 1718 497 1755 est:
540 1716 583 1755 in
624 1714 865 1756 adhibendis
905 1714 1079 1755 Platonis
1122 1714 1388 1766 testimoniiS‚
1437 1725 1660 1768 quanquam

188 1788 230 1827 in
271 1788 492 1827 Theaeteto
537 1787 783 1841 Protagorae
821 1788 1070 1840 potissimum
1112 1788 1274 1828 tractari
1315 1786 1604 1840 philosophiam
1635 1798 1660 1828 e

188 1859 364 1900 Platonis
391 1859 528 1901 verbis
559 1859 800 1914 compluries
828 1864 908 1901 tam
937 1859 1055 1914 plane
1083 1863 1261 1914 apparet,
1289 1863 1331 1901 ut
1356 1863 1469 1900 extra
1488 1870 1658 1901 omnem

188 1937 361 1986 ponatur
392 1932 697 1985 dubitationem,
727 1936 860 1973 tamen
889 1943 1136 1986 magnopere
1167 1932 1389 1973 cavendum
1423 1936 1496 1983 est,
1523 1944 1575 1973 ne
1593 1932 1660 1973 ul-

189 2005 315 2045 terius
353 2006 562 2058 progressi
589 2005 834 2059 Protagorea
865 2004 1057 2056 dicamus,
1092 2016 1194 2058 quae
1222 2005 1425 2055 Socrates,
1450 2009 1492 2045 ut
1518 2004 1660 2058 sophi-

190 2081 291 2118 stam
319 2077 580 2131 perstringat‚
608 2089 661 2119 ex
692 2088 766 2119 suo
800 2077 992 2118 arbitratu
1023 2081 1140 2130 atque
1158 2078 1317 2118 ratione
1336 2077 1532 2118 interdum
1553 2076 1659 2117 haud
1734 2106 1737 2107 ν

189 2151 244 2190 ita
274 2151 434 2191 sincera
463 2162 516 2190 ex
543 2150 702 2203 placitis
730 2161 828 2190 vere
857 2150 1114 2203 Protagoreis
1142 2150 1393 2190 consectaria
1423 2149 1529 2190 facit.
1568 2149 1657 2198 Quo

191 2222 233 2263 in
271 2234 427 2277 genere
461 2234 551 2264 cum
579 2222 688 2264 Plato
715 2234 854 2276 parum
883 2222 960 2264 sibi
991 2226 1218 2277 temperet,
1247 2223 1356 2264 viros
1387 2222 1531 2264 doctos
1562 2234 1659 2263 sae-

192 2294 279 2347 pius
306 2295 347 2335 in
376 2306 541 2336 errores
567 2294 737 2336 induxit.

793 2468 999 2504 0211·th
1024 2469 1069 2504 1.

312 2577 403 2626 Quo
446 2576 600 2618 facilius
640 2590 774 2619 rerum
816 2579 896 2620 hoc
938 2580 1067 2633 capite
1099 2583 1358 2638 tractatarum
1400 2579 1501 2621 ordo
1541 2583 1658 2633 atque

199 2661 412 2692 connexus
439 2651 761 2704 perspiceretur,
789 2653 1030 2707 gravissima
1059 2652 1305 2707 Protagorae
1336 2653 1493 2706 placita,
1519 2653 1662 2705 quibus

198 2724 467 2777 expositionis
498 2727 617 2764 tenor
645 2727 685 2763 et
718 2726 833 2777 quasi
862 2725 968 2767 filum
998 2726 1252 2778 continetur,
1293 2725 1469 2766 numeris
1502 2725 1661 2779 signata

193 2796 249 2838 ita
278 2796 465 2848 exhibui,
492 2800 548 2849 ut,
579 2794 806 2850 ubicunque
834 2798 921 2840 fieri
950 2802 1089 2852 posset
1118 2798 1220 2849 (vid.
1250 2799 1320 2841 lib.
1348 2798 1412 2840 IV.
1444 2809 1530 2852 cap.
1558 2797 1661 2852 1110,

193 2868 318 2923 ipsius
348 2869 472 2920 verba
499 2880 719 2912 servarem.
