1871 3204
729 185 809 209 -·—0
862 158 925 207 46
993 184 1055 193 -

162 305 249 333 vu.
305 289 548 343 Protagoras
577 286 850 328 Democritum
894 284 1114 328 audivisse
1135 284 1306 329 traditur
1323 279 1370 329 a
1386 282 1533 329 baert:
1550 283 1623 330 lx.

158 364 239 407 50:
266 361 475 417 Διήκουσε
502 359 623 404 ‹is-—
653 358 957 413 Δημοκρίτου..
991 354 1268 400 Philam-vit,-
1293 357 1461 413 sophist.
1484 359 1529 401 -1.·
1551 359 1622 402 we

161 437 428 492 Δημοκρίτου
457 430 669 487 ἀκροατής
692 430 799 474 οἴκοι
827 431 1017 495 &ireres
1057 433 1224 486 Deque
1253 431 1313 474 re·
1327 438 1433 485 quae
1449 429 1625 475 &ceurae

162 511 239 551 tius
271 506 454 559 exposuit
475 503 687 559 Epicurus,
717 505 766 546 iis
796 516 879 546 non
908 508 1267 562 repugnantquae
1298 504 1463 547 deeius
1489 503 1623 548 aetate

162 580 441 623 tradita.sunt.
499 578 647 620 Athen.
678 578 777 619 vlu.
805 588 846 632 p.
876 578 974 620 354.
1005 578 1054 620 C:
1081 601 1150 619 -.
1180 578 1314 620 Laert.
1348 577 1416 619 lx.
1447 578 1521 620 53:
1549 576 1623 620 '-.

161 654 414 697 Suidas2—2.
431 650 600 693 Videtur
615 653 869 693 Democritus
902 661 1055 693 summo
1084 650 1362 692 locoAbderis
1392 651 1626 692 natusPro-

157 730 327 780 tagorae
347 755 360 774 ,
389 723 455 777 qui
482 723 687 765 inferioris
717 722 965 766 conditionis
991 727 1078 766 erat
1095 756 1107 777 ,
1135 724 1338 778 ingenium
1365 724 1622 778 perspexisse

156 799 492 852 perspectumque
508 796 658 837 aluisse
686 801 727 837 et
742 797 908 847 fovisse,
932 798 1031 842 iicet
1057 796 1150 851 ipse*
1173 796 1297 838 annis>
1313 797 1456 838 minor
1476 792 1623 841 essen·⁸

227 894 230 897 -
270 868 401 909 Clinto
419 857 842 922 ‘igitur-Protagoram
872 878 978 909 anno
1005 867 1109 910 470.
1138 871 1273 911 natum
1301 869 1449 921 statuit,
1479 868 1622 911 decem

158 942 276 983 annis
306 941 539 982 Democrito
569 945 787 981 maiorem:
819 939 955 993 idque,
984 941 1077 994 quia
1106 932 1358 983 Democritus
1376 927 1620 996 Protagorae

156 1015 195 1056 in
226 1014 339 1055 libris
366 1014 448 1054 suis
480 1013 723 1054 mentionem
755 1012 904 1063 faciat,
931 997 997 1053 bic
1025 1016 1155 1069 autem
1188 1012 1292 1055 iliius
1321 1013 1474 1056 feratur
1503 1014 1620 1056 audi-

155 1091 234 1129 tor.
294 1086 447 1136 Quibus
485 1097 538 1126 ex
565 1084 724 1126 indiciis
756 1095 834 1138 qua
862 1085 1107 1126 necessitate
1135 1084 1300 1127 alterum
1333 1086 1459 1128 altero
1486 1087 1621 1129 maio-

156 1173 242 1203 rem
273 1160 402 1201 fuisse
430 1158 649 1208 efficiatur,
686 1155 871 1211 equidem
902 1168 983 1210 ego
1013 1169 1096 1199 non
1126 1152 1338 1212 perspicio.
1396 1159 1448 1201 Ut
1478 1160 1529 1200 de
1554 1161 1623 1201 fa-

158 1232 276 1274 beltis
307 1231 470 1272 tandem
498 1230 679 1288 desinam
709 1239 876 1270 monere
902 1229 1200 1271 lectorem'iam
1231 1231 1391 1285 saepius
1410 1236 1619 1289 monitum,

159 1305 299 1360 quidni
329 1303 557 1354 hominum,
598 1303 665 1356 qui
696 1302 842 1344 eodem
879 1314 986 1344 anno
1027 1304 1111 1344 nati
1152 1308 1272 1356 sunt,
1315 1305 1416 1347 atter
1452 1305 1619 1348 alterum

158 1378 321 1431 scriptis
347 1387 576 1418 memorare
617 1376 920 1430 sententiasque
959 1387 1054 1418 suas
1085 1387 1172 1418 cum
1214 1376 1282 1419 illo
1323 1375 1621 1421 communicare

159 1452 372 1507 potuerit?
437 1450 514 1502 Et,
552 1450 588 1492 si
625 1449 783 1504 quidem
825 1450 1092 1492 atter-*altero
1132 1452 1262 1493 maior
1299 1457 1366 1493 est
1398 1451 1623 1504 faciendus,

163 1537 237 1568 cur
268 1525 367 1579 ipsis
394 1524 536 1566 decem
567 1525 710 1575 annis,
752 1524 890 1578 quidni
917 1524 1115 1578 quinque,
1154 1524 1406 1578 quindecim,
1449 1520 1628 1579 viginti?

158 1599 259 1640 Nam
305 1596 451 1650 quodsi
491 1584 609 1643 forte,
640 1608 743 1649 quae
775 1596 816 1636 in
859 1596 1005 1637 tabulis
1046 1596 1097 1637 ad
1133 1606 1280 1637 annum
1306 1591 1403 1637 444.
1447 1597 1626 1638 exhibuit

154 1672 300 1712 tacitus
332 1669 412 1711 hoc
441 1668 535 1710 loco
562 1669 779 1721 respiciat,
817 1667 928 1709 nihili
960 1680 1052 1709 esse
1081 1668 1178 1710 iliud
1225 1668 1309 1723 „Ex
1348 1669 1427 1711 bac
1465 1670 1622 1712 ratione

156 1745 320 1786 circiter
348 1742 444 1783 404.
475 1742 644 1782 obierit«
673 1730 711 1791 ς’.
735 1742 774 1782 5.
807 1741 1158 1783 demonstrabitur.

144 1811 147 1814 ’
270 1815 323 1855 'In
353 1814 495 1855 mortis
523 1817 704 1866 tempore
732 1812 960 1854 definiendo
994 1813 1305 1856 dubitationibus
1334 1811 1517 1865 fluctuat,
1544 1826 1624 1856 ne-

163 1898 244 1941 que
272 1898 354 1940 quo
384 1898 430 1928 se
458 1885 625 1927 inclinet
651 1885 845 1927 Clintonis
875 1887 950 1928 scit
990 1887 1158 1927 animus.
1214 1887 1298 1929 Nec
1325 1886 1521 1941 Diogenis
1548 1892 1627 1929 nec

165 1959 343 2001 Platonis
382 1959 507 2000 verba
547 1970 680 2012 neque
707 1959 883 2000 Timonis
921 1959 1031 2000 sillus
1062 1959 1166 2012 apud
1194 1960 1356 2001 Sextum
1384 1960 1626 2019 Empiricum

162 2033 254 2073 adv.
283 2032 405 2087 Matb.
433 2033 500 2076 lib.
532 2030 599 2073 lx.
630 2038 667 2084 §-
697 2030 764 2072 57.
795 2036 1038 2073 memoratus
1083 2033 1293 2086 quicquam
1335 2032 1374 2073 ei
1414 2026 1628 2075 conferunt

161 2105 216 2146 ad
262 2109 396 2146 tantas
443 2104 719 2157 expediendas
768 2103 1033 2145 difficultates.
1110 2104 1228 2157 Apud
1274 2102 1473 2146 Laertium
1520 2106 1625 2146 enim

162 2177 233 2218 lib.
261 2176 327 2219 IX.
370 2181 411 2227 s.
439 2175 510 2217 54.
555 2180 786 2218 accusatum
829 2176 908 2218 dici
947 2176 1165 2231 sophistam
1198 2187 1282 2218 non
1325 2163 1627 2232 quadringentis

162 2250 261 2291 viris
302 2261 387 2291 rem
414 2250 613 2303 publicam
643 2249 1039 2301 administrantibus,
1083 2250 1156 2290 sed
1188 2250 1461 2291 tantummodo
1481 2248 1626 2291 tuisse

163 2326 445 2363 accusatorem
473 2331 527 2363 ex
554 2321 711 2363 iliorum
738 2333 920 2373 numero.
959 2322 1077 2371 Quod
1104 2322 1215 2363 recte
1245 2323 1499 2377 observatum
1532 2334 1625 2365 essc
1675 2372 1682 2377 ⁴

162 2398 200 2446 §.
234 2395 273 2436 1.
315 2396 462 2437 monui.
512 2394 685 2437 vPlatoni
725 2406 857 2447 vero,
888 2396 954 2448 qui
990 2395 1094 2437 Men.
1125 2406 1217 2451 pag.
1247 2395 1317 2437 91.
1347 2394 1380 2438 E
1420 2396 1626 2437 Socratem

166 2469 416 2524 Protagorae
456 2469 708 2522 superstitem
748 2469 926 2518 indicet,
968 2469 1021 2514 ob
1049 2469 1173 2523 ipsius
1205 2469 1247 2510 in
1279 2468 1476 2510 eiusmodi
1506 2468 1629 2515 rebus

163 2541 451 2597 negligentiam
480 2541 625 2583 nuliam
655 2554 748 2584 esse
777 2541 908 2592 fidem.
945 2542 1112 2597 Insuper
1140 2541 1270 2584 refelii
1285 2540 1486 2584 Platonem
1514 2555 1538 2586 a
1557 2542 1626 2584 Ti-

165 2625 312 2656 mone:
346 2624 571 2666 quanquam
581 2613 710 2655 Giinto
727 2626 777 2655 ne
794 2614 888 2655 huic
915 2615 1075 2668 quidem
1098 2613 1238 2655 credit.
1267 2615 1326 2656 De
1344 2611 1514 2671 utroque
1531 2616 1624 2672 loco

165 2700 242 2729 nos
270 2687 520 2730 disseremus
546 2688 799 2740 paragrapho
829 2700 932 2741 quae
950 2688 1134 2742 proxime
1159 2688 1347 2741 sequitur.
1405 2689 1523 2738 Quod
1552 2688 1631 2731 de-

165 2761 286 2815 nique
310 2760 560 2813 Protagorae
588 2760 766 2800 mersin
796 2760 934 2802 Ixione
965 2755 1453 2814 Euripidea'memoretur
1487 2761 1628 2815 (Diog.

163 2834 295 2879 Lacrt.
324 2833 392 2876 lib.
422 2833 491 2875 IX.
520 2840 560 2888 S·
589 2832 707 2884 550,
735 2834 998 2875 testimonium
1027 2834 1156 2875 videri
1185 2835 1300 2876 nimis
1327 2835 1442 2888 leve,
1472 2835 1507 2875 si
1528 2835 1628 2888 'qui-

164 2906 259 2948 den
279 2906 400 2950 etiam
419 2905 601 2949 Socratis
630 2908 799 2947 mortem
831 2905 871 2947 in
899 2906 1111 2949 Palamede
1139 2905 1367 2962 Euripidem
1398 2906 1628 2961 respexisse
