1871 3204
831 136 1163 195 --ιςο--Ι

271 262 447 305 Geistius
475 263 601 315 ipsum
630 261 742 312 411,
768 261 976 302 Herbstius
1003 259 1110 311 400,
1151 262 1356 314 Kaysems
1384 274 1473 305 earn
1500 261 1732 304 Petersenio

266 331 363 375 415.
393 336 642 385 statuerunt,
685 345 766 387 quo
800 333 905 374 diem
933 332 999 374 ille
1027 343 1254 386 supremum
1285 333 1467 377 obiisset.

335 406 384 446 Μ.
397 405 443 445 H.
458 404 710 447 Efficierum
729 406 825 460 quid
843 406 1104 447 induxeritut
1120 406 1310 456 (Attisch.
1324 406 1505 449 Process.
1521 418 1615 461 pag.
1632 371 1729 449 303.

264 480 305 518 et
330 476 491 518 Erschii
511 477 763 532 Gruberique
790 477 1009 532 Encyclop.
1038 489 1073 519 s.
1104 490 1143 519 v.
1162 478 1386 533 Diagoras)
1414 480 1458 520 in
1489 478 1728 538 olympiadis

257 550 552 603 nonagesimae
579 551 733 603 primae
765 562 912 591 annum
936 551 1119 603 primum,
1147 550 1363 594 ante·Cl1r.
1395 549 1493 602 416,
1521 550 1723 604 Protago-

254 633 328 663 rae
369 627 541 664 mortem
585 622 784 676 referret,
831 623 1029 677 dispicere
1072 634 1155 663 non
1196 634 1373 676 possum.
1429 621 1584 664 Nullum
1602 623 1722 662 enim

186 710 188 713 ⁴
258 694 416 735 addidit
445 696 884 748 computationissuae
912 699 1198 750 argumentum.
1255 693 1460 737 Harlesius
1484 693 1535 736 ad
1550 693 1726 736 Fabricii

252 765 441 808 Biblioth.
472 767 540 809 Gr.
570 766 651 810 vol.
681 768 728 809 ΙΙ.
759 780 852 822 pag.
882 769 978 812 629.
1023 774 1063 810 et
1096 768 1328 810 Mullachius
1353 779 1447 822 pag.
1481 768 1545 819 10,
1590 767 1722 821 olym-
1787 801 1790 804 ι

251 840 385 892 piadis
427 841 719 894 nonagesimae
758 842 902 881 tertiae
947 853 1056 882 anno
1089 841 1270 883 secundo
1300 844 1495 882 mortuum
1537 844 1722 881 statuen-

252 915 330 964 tes,
365 912 577 955 Corsinum
594 945 604 965 ,
647 925 765 967 quem
796 917 1000 954 auctorem
1031 915 1159 954 secuti
1191 917 1306 965 sunt,
1346 912 1615 967 negligentius
1654 912 1722 953 in·-

252 989 486 1037 spexerunt.
544 985 737 1027 Corsinus
767 987 873 1026 enim
901 990 995 1026 tom.
1025 984 1089 1026 111.
1120 996 1211 1039 pag.
1246 984 1336 1026 139.
1375 988 1492 1026 ante
1523 984 1722 1038 olympia-

250 1054 314 1096 dis
354 1057 646 1110 nonagesimae
685 1058 830 1097 tertiae
875 1068 1021 1097 annum
1050 1056 1269 1097 secundum
1306 1056 1567 1110 Protagoram
1604 1066 1719 1097 mor-

247 1131 354 1169 tuum
386 1140 480 1169 esse
510 1140 562 1169 ex
579 1128 817 1169 Philochoro
845 1140 1040 1182 apparere
1058 1129 1165 1179 dicit,
1194 1130 1259 1181 qui
1276 1127 1505 1180 Euripidem
1523 1130 1564 1169 in
1575 1128 1717 1172 Ixione

245 1200 454 1257 sophistae
484 1205 656 1245 mortem
687 1201 913 1245 cavillatum
942 1213 1035 1244 esse
1060 1202 1279 1245 memoriae
1309 1200 1547 1258 prodiderit.

921 1317 965 1364 §-
998 1313 1038 1355 7.

361 1408 424 1450 Ex
453 1410 540 1461 eis,
570 1422 674 1464 quae
701 1412 897 1453 hactenus
927 1413 978 1454 de
1009 1413 1255 1467 Protagorae
1284 1416 1415 1453 aetate
1443 1410 1718 1462 disseruimus,

246 1481 522 1524 difficillimum
553 1494 647 1524 esse
676 1488 842 1538 apparet
871 1485 972 1526 certi
1002 1484 1150 1538 aliquid
1180 1488 1370 1526 statuere.
1429 1483 1535 1526 Multi
1553 1483 1714 1546 quidem

243 1558 426 1595 veterum
456 1554 537 1616 loci
567 1555 646 1596 huc
676 1557 924 1610 pertinentes
954 1557 1239 1608 inveniuntur,
1284 1556 1325 1596 hi
1352 1567 1451 1597 vero
1494 1544 1596 1596 adeo
1626 1556 1719 1596 dis-

243 1613 473 1680 crepantes,
503 1632 546 1668 ut
573 1629 732 1682 quinam
760 1629 841 1670 sint
861 1629 1046 1684 eligendi
1076 1634 1117 1670 et
1147 1629 1199 1669 ad
1218 1627 1449 1670 extricanda
1465 1628 1712 1682 Protagorae

239 1701 422 1753 tempora
452 1699 672 1744 adhibendi
699 1701 874 1748 maxime.
906 1700 1078 1746 dubites.
1136 1701 1293 1742 Summa
1325 1699 1446 1754 igitur
1477 1711 1567 1740 cum
1598 1708 1710 1740 cau-

242 1771 356 1812 tione
384 1771 506 1812 rebus
524 1803 536 1823 ‚
567 1780 668 1825 quas
700 1784 751 1813 ex
779 1775 859 1814 vita
887 1774 973 1814 eius
1008 1777 1234 1827 compertas
1264 1772 1485 1823 habemus,
1527 1771 1712 1813 omnibus

242 1844 378 1886 animo
408 1847 618 1898 perpensis
649 1857 753 1899 quae
783 1850 962 1886 veterum
993 1846 1221 1886 testimonia
1241 1845 1337 1886 mihi
1358 1845 1518 1899 quidem
1539 1844 1712 1886 videan-

242 1920 305 1957 tur
331 1917 410 1957 fide
441 1920 612 1958 maxime
641 1918 763 1971 digna
793 1919 870 1958 iam
900 1919 1038 1971 paucis
1068 1918 1281 1958 enarrabo.

207 1975 209 1978 ¹
351 1989 530 2030 Socratis
569 1991 778 2043 aequalem
822 1990 946 2031 fuisse
976 1981 1236 2044 Protagoram
1278 1993 1318 2030 et
1345 1989 1552 2042 Diogenes
1579 1988 1709 2030 Laer-

239 2061 317 2100 tius
347 2061 467 2101 tradit
500 2061 588 2111 (lib.
618 2062 684 2103 lx.
726 2069 761 2112 §.
793 2063 873 2102 42:
914 2063 1007 2103 Καὶ
1034 2061 1306 2116 Πρωταγόρα
1336 2063 1415 2102 τοῦ
1440 2056 1710 2114 ΜΑβδηριτου,

239 2129 285 2180 ὃς
315 2130 581 2185 ὁμολογεῖται
611 2132 714 2174 κατὰ
747 2132 974 2188 Σωκοάτην
1001 2133 1235 2189 γεγονέναι)
1273 2137 1327 2173 et
1352 2144 1441 2174 cum
1483 2145 1505 2173 a
1545 2125 1710 2185 reliquis

242 2205 425 2245 omnibus
456 2205 702 2259 affirmetur,
745 2211 825 2249 tum
856 2206 1030 2248 Platonis
1061 2206 1233 2260 dialogis
1266 2206 1489 2247 certissime
1531 2208 1709 2258 apparet.

242 2277 372 2331 Atque
401 2281 657 2332 superstitem
699 2279 823 2321 fuisse
855 2280 1101 2334 Protagorae
1130 2280 1336 2321 Socratem
1366 2280 1434 2320 vix
1462 2277 1603 2331 negari
1632 2288 1711 2330 poa·

240 2351 343 2389 terit.
416 2351 533 2403 Apud
578 2351 782 2392 Platonem
823 2352 927 2392 enim
970 2352 1160 2391 Socrates
1205 2351 1425 2403 sophistam
1469 2348 1710 2401 compluries

241 2421 389 2461 indicat
433 2428 642 2466 mortuum.
702 2423 885 2464 Menonis
924 2423 1037 2464 locus
1065 2435 1159 2477 pag.
1191 2424 1256 2464 91.
1284 2423 1347 2473 E,
1387 2433 1465 2474 quo
1504 2422 1710 2473 Socrates,

240 2503 465 2547 quanquam
506 2496 748 2550 Protagoras
793 2495 858 2536 vel
901 2497 1156 2550 septuaginta
1201 2506 1330 2538 annos
1361 2494 1535 2536 vivendo
1568 2495 1710 2548 exple-

241 2567 345 2606 verit
374 2571 577 2621 artemque
609 2569 836 2610 exercuerit
868 2569 954 2622 plus
986 2569 1275 2623 quadraginta,
1306 2571 1438 2610 tamen
1475 2580 1548 2622 per
1585 2572 1709 2609 totum

238 2639 334 2679 illud
363 2639 534 2691 spatium
568 2652 617 2680 ne
648 2641 767 2684 hilum
798 2643 957 2694 quidem
989 2642 1038 2682 de
1072 2641 1177 2682 sama
1209 2641 1295 2680 eius
1340 2640 1578 2681 deminutum
1615 2650 1708 2679 esse

236 2715 418 2763 testatur,
449 2711 528 2751 iam
563 2710 771 2764 aliquoties
800 2714 876 2754 hac
910 2714 1178 2766 disput-atione
1209 2713 1249 2752 in
1280 2713 1547 2754 testimonium
1577 2722 1709 2752 voca-

235 2787 299 2824 tus
332 2788 407 2825 est.
465 2782 563 2825 Item
599 2782 803 2826 Theaeteti
835 2785 971 2827 verliis
1001 2797 1092 2840 pag.
1127 2784 1216 2828 171.
1246 2785 1306 2837 D,
1346 2785 1454 2826 unde
1497 2783 1710 2837 Herbstius

235 2856 381 2898 eodem
413 2861 625 2911 utrumque
658 2860 838 2910 tempore
868 2858 1035 2900 obiisse
1065 2847 1262 2916 collegit,
1304 2869 1384 2914 ege
1427 2855 1563 2913 colligi
1586 2867 1716 2912 posse
