1871 3204
759 124 1088 187 -311-

196 274 360 323 ‘tempus
372 266 579 322 syncellus
596 279 685 322 pag.
701 264 861 324 95414οε
878 266 918 308 id
936 266 1042 321 quod
1058 279 1080 307 a
1098 271 1323 308 ceterorum
1339 266 1575 307 testimoniis
1595 268 1659 307 ni-

203 344 323 383 mium
339 342 550 395 discrepat,
592 342 757 393 Eadem,
789 345 906 393 atque
921 340 1084 388 Eusebii
1113 345 1154 381 et
1169 340 1357 394 syncelli,
1389 339 1569 381 conditio
1599 345 1658 380 est

203 415 339 469 cyrilli
367 415 471 467 loci,
501 420 593 468 quo*
609 416 894 468 Anaxagoram
925 412 1028 454 tradi
1059 425 1148 454 cum
1180 412 1339 469 Xerxes
1372 414 1413 454 in
1447 412 1657 454 Graeciam

199 487 410 529 invaderet
440 498 586 528 annum
613 486 748 539 egisse
765 485 997 525 vicesimum
1027 495 1079 523 ne
1110 485 1298 525 temerius
1319 485 1464 525 dixerit
1483 483 1658 524 Brandi-

201 561 286 602 sius
314 560 408 601 hist·
438 558 582 613 philos.
611 562 707 598 tom.
735 557 763 597 1.
795 568 888 610 pag.
919 555 1012 596 233.
1042 567 1290 609 magnopere
1321 568 1481 608 vereor,
1514 560 1659 597 contra

197 630 267 672 lul.
292 642 383 687 pag.
416 630 478 670 13.
508 630 563 669 B:
601 626 910 682 Ἑβδομηκοστῇ
937 624 1172 676 ὀλυμπιάδι
1214 625 1324 681 φασὶ
1342 629 1539 679 γενέσθαι
1567 630 1656 681 Δη-

193 702 397 755 μόκριτον
437 701 511 742 καί
541 696 856 751 ’Λναξαγόραν,
898 693 1163 753 φιλοσόφους
1200 697 1428 752 φυσικούς,
1471 696 1579 751 ὁμοῦ
1608 714 1655 741 τε

238 815 240 817 ,
267 817 276 828 ι
356 771 575 826 ράκλειτον
605 770 680 812 τὸν
709 770 881 824 ἐπίκλην
911 768 1136 812 Σκοτεινόν.
1195 770 1310 820 Quod
1342 773 1470 813 minus
1498 773 1654 813 incerte

346 867 358 886 22
372 855 491 893 esse,
527 855 644 897 quam
678 847 721 883 ut
757 842 873 885 huius
904 843 1119 884 testimonii
1159 843 1259 885 ullus
1293 844 1343 885 ad
1375 846 1652 897 quaestionem

194 909 374 970 Qum
405 928 501 957 usus
532 917 596 967 sit,
628 928 715 957 cum
745 928 818 969 per
845 927 891 956 se
911 921 1086 969 apparet,
1116 921 1195 957 tum
1215 916 1365 967 verbis,
1395 929 1498 970 quae
1517 916 1650 969 paullo

139 1010 141 1012 -
196 991 290 1041 post
316 986 513 1042 leguntur,
543 987 810 1041 planissimum
843 987 911 1040 fit,
940 987 1081 1042 quibus
1106 987 1165 1047 vde
1195 988 1427 1029 Democrito
1457 988 1533 1028 sibi
1562 990 1649 1043 ipse

192 1070 275 1100 non
303 1064 493 1100 constans
527 1058 800 1116 Ὀγδοηκοστῇ
828 1062 922 1115 ἕκτῃ
957 1058 1217 1111 ὀλυμπιάδι,
1256 1059 1410 1111 inquit,
1453 1062 1650 1111 γενέσθαι

190 1132 303 1186 φασί
332 1130 406 1174 τόν
433 1131 690 1187 Ἀβδηρίτην
717 1130 1006 1187 Δημόκριτον,
1042 1130 1316 1182 Ἐμπεδοκλέα
1345 1145 1389 1171 τε
1417 1130 1489 1170 καί
1510 1128 1650 1171 Ἱππο-

187 1201 342 1256 κράτην
386 1204 459 1243 καί
499 1204 747 1255 Πρόδικον,
789 1201 968 1255 Ζήνωνα
1014 1200 1087 1242 καί
1134 1203 1425 1255 Παρμενίδην.
1496 1202 1651 1243 Pariter

190 1273 363 1328 denique
389 1274 541 1329 reliqua
575 1278 804 1328 comparata
834 1277 925 1314 sunt
956 1273 1208 1325 testimonia,
1248 1273 1436 1314 Chronici
1471 1273 1648 1314 Pascha-

187 1347 238 1386 lis
265 1351 321 1386 ,et
359 1347 564 1387 Michaelis
606 1347 768 1399 Glycae.
825 1347 869 1386 In
918 1346 1111 1387 chronico
1150 1347 1255 1387 enim
1292 1346 1359 1387 illo
1408 1347 1646 1400 olympiadis

187 1419 467 1472 sexagesimae
506 1420 702 1473 septimae
749 1429 855 1459 anno
899 1419 1026 1471 primo
1067 1418 1133 1459 vel
1172 1418 1352 1459 secundo
1391 1418 1644 1470 Hellanicus,

185 1492 439 1532 Democritus
456 1522 468 1542 ‚
496 1490 741 1541 Heraclitus,
771 1491 1038 1544 Anaxagoras
1055 1522 1068 1543 ‚
1096 1490 1198 1544 apud
1231 1490 1393 1544 Glycam
1422 1503 1521 1532 vero
1553 1492 1644 1532 An-

186 1562 266 1603 nal.
295 1567 394 1617 part.
423 1562 469 1604 ΙΙ.
499 1574 591 1616 pag.
624 1562 717 1603 202.
745 1561 776 1602 B
806 1569 922 1615 (pag.
955 1561 1051 1602 376.
1081 1561 1228 1612 Bekk.)
1265 1563 1502 1603 Artaxerxis
1532 1563 1644 1603 Lon-

183 1636 334 1689 gimani
364 1640 494 1677 aetate
522 1635 742 1689 Sophocles
761 1670 772 1688 ‚
816 1634 1038 1676 Heraclitus
1056 1665 1068 1686 ,
1107 1636 1399 1689 Anaxagoras,
1439 1635 1640 1690 Pythago-

182 1720 263 1760 ras,
292 1708 560 1763 Thucydides,
588 1708 812 1761 Euripides,
839 1707 1081 1758 Herodotus,
1108 1697 1389 1761 Empedocles,
1417 1709 1639 1762 Diogenes,

181 1781 457 1833 HippocrateS,
487 1780 621 1831 Plato,
652 1779 892 1822 Aristoteles
921 1779 1020 1820 clari
1052 1779 1177 1820 fuisse
1208 1779 1405 1821 dicuntur.
1461 1782 1544 1822 Hos
1574 1781 1639 1822 lo-

181 1864 254 1894 cos
281 1853 402 1907 igitur
430 1863 585 1904 omnes,
617 1851 759 1905 quippe
792 1851 934 1904 quibus
951 1863 1088 1904 parum
1111 1852 1176 1892 vel
1205 1852 1309 1892 adeo
1339 1852 1435 1892 nihil
1466 1853 1638 1894 demon-

180 1930 341 1977 stretur,
368 1937 445 1966 nos
473 1927 616 1966 missos
644 1926 833 1965 facimus:
862 1925 989 1965 ceteri
1011 1929 1157 1976 autem,
1190 1927 1256 1977 qui
1284 1925 1335 1966 ad
1363 1926 1636 1980 Anaxagorae

178 1997 384 2039 historiam
427 1998 653 2051 pertinent,
691 2008 914 2050 quanquam
952 1995 1004 2036 ad
1041 1997 1169 2048 ipsum
1207 1997 1294 2037 sive
1336 1998 1507 2038 natalem
1546 2000 1633 2039 sive

176 2072 316 2112 mortis
343 2083 488 2112 annum
516 2070 834 2111 constituendum
863 2068 1044 2110 adhiberi
1062 2074 1277 2122 nequeunt,
1308 2071 1475 2124 egregie
1496 2075 1631 2112 tamen

177 2147 403 2198 congruunt
434 2155 523 2184 cum
555 2143 848 2196 computatione
878 2146 1029 2183 nostra.
1058 2166 1112 2174 —
1159 2142 1271 2190 Quae
1315 2154 1404 2183 cum
1442 2144 1496 2184 ita
1538 2145 1631 2195 sint,

172 2217 346 2269 ineptum
376 2227 475 2256 sane
502 2221 622 2267 esset,
650 2214 938 2268 Apollodorum
959 2227 1033 2268 pro
1053 2216 1347 2269 septuagesima
1366 2216 1632 2270 olympiadem

175 2289 469 2345 sexagesimam
516 2288 580 2329 vel
624 2300 769 2344 annum
806 2288 902 2330 540.
973 2293 1242 2342 Anaxagorae
1281 2289 1453 2330 natalem
1495 2291 1631 2332 facere

174 2362 411 2414 tradentem,
444 2373 523 2416 quo
540 2360 801 2402 Casaubonus
820 2360 1063 2402 levissimam
1094 2361 1374 2417 difficultatem·
1395 2368 1439 2404 ut
1456 2363 1628 2416 tolleret,

171 2435 293 2476 multo
324 2435 535 2489 graviores
566 2435 606 2475 in
633 2433 763 2474 locum
794 2433 935 2484 intulit,
963 2438 1192 2487 tantumque
1221 2434 1347 2475 abfuit
1365 2439 1406 2476 ut
1433 2447 1518 2476 rem
1549 2449 1628 2476 ex-

170 2508 353 2560 pediret,
394 2512 437 2549 ut
476 2506 597 2549 multo
635 2506 751 2547 etiam
791 2506 920 2559 magis
963 2506 1228 2559 perturbaret.
1286 2494 1480 2549 Dirersos
1521 2510 1625 2549 enim

169 2579 407 2634 Apollodori
425 2592 613 2622 numeros
630 2584 672 2620 ut
688 2579 791 2619 inter
806 2589 851 2619 se
867 2579 1118 2629 conciliaret,
1149 2581 1340 2633 priorem,
1374 2582 1439 2634 qui
1457 2586 1518 2622 est
1534 2593 1624 2622 cer·

167 2653 343 2694 tissimus
363 2654 618 2706 omniumque
633 2652 868 2693 testimoniis
898 2653 1167 2704 confirmatus,
1198 2653 1411 2695 manifesto
1432 2655 1622 2706 corrupit,

165 2738 255 2770 cum
266 2726 462 2768 Meursius
481 2726 648 2768 alterum
665 2729 817 2767 mutans
834 2736 995 2767 omnem
1011 2726 1229 2787 removerit
1243 2727 1548 2780 discrepantiam
1561 2727 1621 2776 *).

256 2878 294 2924 ³)
319 2879 458 2914 Praeter
489 2889 576 2925 quos
607 2878 889 2922 memoravimus,
923 2878 1062 2915 Meursii
1100 2879 1370 2914 emendationem
1404 2880 1510 2913 ceteri
1546 2879 1619 2914 sere
