1871 3204
693 102 1056 150 -135—

148 230 236 288 hier
264 229 357 283 jene
386 229 539 273 andere
555 230 772 273 Nachricht
799 232 873 274 der
900 231 1175 286 xicrzahligen
1194 230 1452 285 Eintheilung
1481 231 1605 273 durch

145 302 211 344 die
245 302 449 356 Majoritat
490 304 563 346 der
608 305 831 360 Zeugnissev
867 305 1148 360 vorzuglicher
1188 306 1418 356 erscheint)
1439 336 1451 357 ‚
1499 304 1604 345 doch

145 374 368 428 uberhaupt
405 377 510 417 noch
551 378 642 418 eine
671 377 943 431 mehrzahlige
970 377 1236 431 Eintheilung-
1263 362 1464 419 bemerkt
1489 377 1606 429 wird‚

146 447 211 488 die
246 448 351 489 daun
380 451 449 490 mit
477 449 551 490 der
579 451 777 502 ger-ingen
798 449 954 490 Anzahl
983 461 1063 490 von
1079 449 1186 498 Modi
1214 450 1323 490 nicht
1353 461 1604 503 correspon-

143 517 261 562 diren
292 521 457 572 wurde3
487 520 553 562 ich
583 520 726 561 mache
757 532 833 580 nur
862 520 1009 562 darauf
1033 520 1312 572 ausmerksam‚
1341 522 1434 563 dass
1464 523 1503 562 in
1528 522 1601 576 je-

145 603 220 632 ner
248 593 504 647 Eintheilung
545 594 586 632 in
625 593 714 632 vier
753 604 896 648 ausser
935 592 1009 632 der
1038 590 1207 644 εὕχωλὴ
1247 593 1327 633 und
1366 594 1505 647 ἐντολή
1542 595 1602 635 als

145 664 211 705 die
241 665 387 716 beiden
421 664 574 707 andern
600 661 807 719 ’ἐρώτησις
837 663 918 706 und
950 662 1167 717 α’πὸκρισις
1208 669 1385 718 genannt
1422 667 1602 721 werden,

144 736 211 776 die
241 735 346 776 doch
375 735 616 777 schwerlich
655 736 741 776 sich
785 736 843 777 als
873 736 939 775 die
958 735 1305 789 'Bezeichnungen
1347 738 1419 776 der
1449 740 1600 792 andern

145 809 254 850 Modi
284 809 429 864 deuten
460 809 634 850 lassen.“
666 804 724 850 ’-,
749 808 834 858 Qua
866 809 917 850 de
944 808 1199 862 expositione
1230 812 1322 850 ante
1352 811 1482 851 omnia
1511 823 1601 852 mo-

143 881 318 921 nendum
351 886 437 932 est,
468 885 619 933 septem
652 877 786 934 λὸγων
814 883 1035 932 πυθμένας
1062 881 1263 921 neminem
1294 885 1472 927 veterum
1502 883 1601 923 Pro-

139 958 306 1008 tagorae
319 954 521 1012 *trib-uisse,
534 954 607 995 sed
624 954 709 995 aliis
726 953 959 1008 quibusdam
973 953 1275 1007 posterioribus.
1291 953 1390 995 Nam
1404 955 1598 1008 Diogenis

140 1026 179 1069 οἱ
197 1028 244 1068 δέ
258 1027 317 1075 εἰς
330 1025 432 1068 ἑπτά
448 1028 563 1068 aliter
578 1029 749 1081 suppleri
769 1039 849 1068 non
865 1032 1047 1081 possunt,
1066 1032 1183 1080 atque
1199 1027 1342 1069 Suidas
1358 1015 1474 1068 fecit:
1493 1027 1598 1078 μετὰ

141 1101 188 1141 δὲ
217 1101 362 1142 τοῦτον
390 1101 521 1153 ἕτεροι
540 1102 599 1150 εἰς
620 1098 724 1143 ἑπτά
745 1102 910 1142 διεῖλον.
943 1100 1174 1142 Classenius
1190 1111 1286 1141 vero
1308 1112 1399 1154 pag.
1416 1100 1483 1141 30.
1500 1101 1602 1141 Pro-

138 1172 484 1226 tagorae-dicendi
498 1173 976 1226 fundamentaquomodo
998 1185 1086 1214 cum
1099 1173 1356 1234 grammatica
1378 1173 1600 1224 modorum,

139 1256 239 1297 quos
258 1244 467 1298 ’ἐγκλίσεις
494 1250 636 1298 postea
668 1246 856 1286 dicebant
873 1245 1045 1297 Graeci,-
1061 1245 1318 1300 distinctione
1340 1245 1598 1297 cohaereant,

138 1321 216 1357 tam
233 1317 349 1370 plane
365 1317 587 1370 illustravit,
619 1323 660 1358 ut
677 1329 756 1370 ego
777 1317 832 1358 illi
849 1318 1044 1357 assentire
1064 1329 1143 1357 non
1164 1318 1350 1358 dubitem.
1378 1318 1593 1359 Rhetorica

137 1389 295 1443 quidem
314 1390 597 1430 observatione
615 1391 685 1430 niti
698 1389 794 1430 dicit
808 1389 1012 1442 sophistae
1024 1391 1244 1431 inventum:
1263 1390 1335 1430 sed
1352 1390 1594 1430 rhetoricam

136 1462 251 1501 istam
281 1461 533 1510 divisionem,
564 1474 680 1513 quum
701 1462 913 1514 primarios
928 1453 1087 1502 dicendi
1103 1463 1246 1502 modos
1260 1459 1363 1503 bene'
1380 1462 1444 1502 illa
1463 1464 1597 1515 expri-

134 1539 273 1587 meret,
286 1533 397 1587 -haud
415 1534 532 1576 dubie
548 1546 719 1576 vocasse
736 1534 786 1575 ad
805 1534 1108 1590 distinguendas
1122 1534 1304 1577 diversas
1318 1535 1429 1576 verbi
1448 1535 1596 1576 modo-

134 1621 221 1649 rum
241 1610 404 1649 formas.
434 1609 692 1660 Protagoram
713 1608 833 1659 enim,
865 1621 952 1648 cum
974 1609 1192 1649 doctrinam
1224 1621 1336 1649 suam
1357 1613 1397 1649 et
1419 1609 1469 1649 ad
1487 1609 1593 1650 iudi-

138 1681 276 1731 canda¹
297 1681 463 1721 aliorum
495 1681 642 1733 scripta
681 1683 720 1720 et
748 1680 799 1721 ad
826 1674 1081 1720 scribendum
1122 1679 1350 1732 conferret,
1395 1692 1478 1720 non
1516 1693 1594 1733 po-

138 1755 262 1795 tuisse
292 1765 373 1793 non
406 1753 643 1804 advertere,
689 1753 736 1792 in.
768 1753 852 1805 ipsa
887 1753 1023 1806 lingua
1063 1753 1301 1798 divisionem
1332 1753 1435 1795 illam
1471 1755 1592 1795 certis

132 1824 271 1867 formis
308 1810 744 1879 esse'significatam.f
782 1822 881 1863 Nam
921 1835 1011 1863 cum
1056 1824 1258 1878 ἐρώτησις
1300 1829 1340 1864 et
1367 1824 1588 1877 ἀπόκρισις

134 1900 353 1938 indicativo
372 1898 493 1937 modo
518 1898 808 1948 contineantur,
841 1873 1032 1951 ‘ffiffllffii
1063 1900 1291 1950 optativum,
1319 1899 1485 1951 ἐντολῆς
1513 1900 1590 1938 im·-

133 1971 352 2026 perativum
380 1969 580 2023 proprium
609 1977 727 2009 esse:
768 1969 1064 2010 coniunctivum
1106 1981 1231 2022 vero,
1272 1981 1358 2010 cum
1398 1980 1479 2009 non
1509 1974 1587 2015 tam

135 2033 328 2097 peculiari
368 2042 529 2083 dicendi
566 2054 748 2095 genere,
783 2054 906 2095 quam
944 2042 1109 2103 plurium
1141 2044 1454 2096 propositionum
1478 2055 1589 2083 con-

137 2118 339 2158 iunctione
381 2117 555 2166 nitatur,
599 2115 674 2156 hac
708 2115 925 2156 ‘dividendi
962 2117 1118 2157 ratione
1158 2116 1351 2171 contineri
1389 2126 1468 2155 non
1509 2128 1588 2168 po-

117 2176 273 2230 tuisse.
332 2189 389 2228 Ita
420 2188 505 2228 fere
537 2188 783 2239 Classenius,
813 2189 927 2241 isque
958 2190 1191 2229 rectissime.
1227 2189 1459 2241 Quanquam
1480 2190 1587 2229 enim

135 2264 346 2314 πυθμένες
388 2257 520 2314 λόγων
562 2264 654 2301 sunt
693 2260 855 2301 dicendi
892 2261 1167 2312 fundamenta,
1212 2250 1381 2314 quorum
1419 2275 1471 2302 ex
1507 2274 1588 2304 uno

134 2347 317 2388 quaeque
348 2334 543 2375 sententia
563 2333 676 2386 quasi
705 2334 951 2374 exstruenda
980 2346 1070 2374 esse
1088 2335 1334 2388 Protagorae
1362 2336 1587 2388 videbatur,

131 2408 335 2449 rhetorica
363 2406 468 2457 haec
497 2405 696 2447 distinctio
725 2407 1040 2459 grammaticae,
1062 2418 1155 2459 qua
1193 2407 1408 2449 verborum
1438 2408 1587 2449 formas

130 2480 351 2521 secundum
391 2480 611 2531 πυθμένας
639 2477 727 2518 illos
758 2477 939 2519 diversas
973 2466 1065 2518 esse
1104 2480 1420 2531 ostendebatur,
1462 2482 1586 2533 prima

131 2556 217 2593 erat
246 2556 362 2611 atque
393 2551 627 2591 necessaria
659 2561 793 2590 causa.
835 2550 916 2590 Iam
945 2562 1042 2590 vero
1074 2551 1173 2592 nihil
1192 2557 1266 2603 est,
1296 2565 1367 2593 cur
1380 2552 1586 2592 Herbstius

132 2624 422 2677 etSpengelius
450 2637 541 2676 pag.
560 2624 627 2665 44.
658 2620 790 2664 eti45.
816 2622 887 2663 has
916 2623 1067 2664 formas
1097 2637 1255 2678 quoque
1285 2622 1458 2679 linguae,
1486 2611 1586 2677 quos

132 2709 238 2739 nunc
277 2697 444 2737 dicimus
482 2697 763 2749 grammaticos
806 2694 919 2736 verbi
961 2696 1105 2744 modos
1128 2728 1139 2747 ‚
1185 2698 1260 2737 iam
1304 2710 1326 2737 a
1366 2698 1586 2749 Protagora

135 2771 342 2810 distinctas
372 2781 464 2809 esse
496 2774 659 2823 negent.
715 2768 907 2821 Equidem
937 2780 1019 2822 ego
1058 2782 1139 2810 non
1185 2770 1343 2819 dubito,
1388 2770 1480 2821 quin
1518 2771 1587 2823 qui

133 2846 316 2895 quattuor
358 2841 517 2884 dicendi
554 2843 731 2884 rationes
769 2840 1030 2893 discreverit,
1080 2843 1196 2883 ctiam
1234 2841 1394 2894 linguae
1435 2840 1590 2882 formas
