1871 3204
734 132 796 140 -
868 112 895 156 7
966 132 1027 140 .-

158 257 255 300 κιης
288 236 364 301 ἦν)
401 235 590 292 ἐντυχών
616 235 662 275 δὲ
690 233 937 290 Δημοκρίτῳ
965 232 1288 289 ἐφιλοσόφησεν.
1316 257 1371 265 -
1400 237 1441 273 et
1473 232 1616 273 Athen.

160 318 227 359 lib.
259 314 355 357 vul.
387 324 474 366 cap.
507 310 572 352 13.
599 318 691 362 pag.
721 306 817 348 354.
848 306 903 348 C:
942 304 1010 353 Ἕν
1039 306 1085 347 δὲ
1123 304 1173 362 τῇ
1212 303 1323 362 αὐτῇ
1358 302 1559 359 ἐπιστολῇ
1589 300 1612 340 ὅ

158 382 394 442 Ἐπίκσυρσς
420 385 496 427 καί
523 376 819 433 Πρωταγόραν
849 377 959 435 φησί
983 376 1052 419 τὸν
1079 376 1286 432 σοφιστὴν
1318 378 1364 419 ἐκ
1392 372 1619 433 φορμοφό·

159 475 238 515 ρου
266 460 340 501 καί
367 454 609 511 ξυλοφόρου
637 453 797 505 πρῶτον
823 453 901 504 μὲν
929 452 1126 506 γενέσθαι
1147 450 1313 505 γραφέα
1333 447 1616 505 Δημοκρίτου·

155 530 461 585 θαυμασθέντα
490 526 530 565 δ’
557 519 629 564 ὑπ’
659 524 817 564 ἐκείνου
859 523 931 564 ἐπί
966 520 1103 573 ξύλων
1138 521 1261 563 τινῶν
1293 520 1380 579 ἰδίᾳ
1416 520 1619 578 συνθέσει

154 602 237 646 ἀπὸ
271 599 425 653 ταύτης
451 598 527 649 τῆς
554 594 693 650 ἀρχῆς
724 595 1027 651 ἀναληφθῆναι
1053 592 1128 635 ὑπ’
1153 588 1286 635 adron?
1312 594 1385 634 καί
1402 590 1619 634 διδάσκειν

156 677 203 717 ὲ,
230 671 348 726 κόμῃ
378 670 463 710 uu*
499 667 749 722 γράμματα·
802 667 887 722 ᾰφῗ“
906 660 966 709 ὧν
995 666 1066 709 ἐπὶ
1104 665 1149 709 τὸ
1186 663 1456 721 σοφιστεύειν
1483 663 1616 717 ὁρμῆ-

154 759 241 788 σαι.
301 740 513 791 Quomodo
546 738 651 790 ξύλα
697 736 878 787 δεδεκώς
918 738 1067 794 ὀφθείς
1106 738 1366 791 philosophus
1403 736 1533 777 factus
1563 736 1616 776 sit

151 826 205 855 ex
244 810 408 862 baiulo,
452 809 594 852 Aulum
639 809 804 854 Gellium
846 811 963 852 Noct.
995 811 1074 852 Att.
1105 810 1171 852 lib.
1203 810 1247 851 V.
1279 822 1367 865 cap.
1398 811 1437 854 3.
1480 809 1614 863 lepide

152 887 380 927 narrantem
411 881 641 923 audiamus:
672 881 968 936 „Protagoram,
1002 883 1127 923 virum
1161 884 1200 921 in
1233 881 1375 922 studiis
1400 881 1614 921 doctrina-

152 969 246 998 rum-
279 956 517 1009 egregium,
558 956 670 996 cuius
707 967 853 996 nomen
886 954 992 997 Plato
1025 955 1128 996 libro
1166 966 1241 996 suo
1279 954 1334 994 illi
1362 953 1512 994 incluto
1546 954 1614 994 in-

150 1028 337 1082 scripsit,
378 1026 676 1069 adolescentem
708 1028 818 1070 aiunt
856 1028 985 1069 victus
1015 1027 1238 1081 quaerendi
1269 1028 1399 1080 gratia
1432 1026 1474 1065 in
1504 1036 1616 1064 mer-

151 1100 294 1141 cedem
338 1101 499 1141 missum
532 1105 799 1154 vecturasque
843 1111 1010 1141 onerum
1056 1110 1229 1152 corpore
1274 1110 1349 1140 suo
1394 1098 1615 1149 factitasse,

149 1173 257 1227 quod
293 1184 423 1227 genus
454 1173 600 1215 Graeci
644 1170 922 1227 ἀχθοφόρους
960 1176 1136 1223 vocant,
1178 1171 1300 1212 latine
1346 1170 1502 1211 baiulos
1542 1181 1616 1223 ap-

147 1246 351 1299 pellamus,
410 1245 447 1286 ls
478 1247 529 1286 de
557 1247 741 1298 proximo
768 1258 861 1285 rure
891 1246 1054 1288 Abdera
1085 1247 1124 1287 in
1154 1245 1363 1299 oppidum,
1391 1242 1504 1284 cuius
1533 1255 1614 1296 po-

146 1317 298 1371 pularis
325 1315 425 1366 fuit,
454 1315 646 1356 caudices
676 1315 773 1369 ligni
802 1316 992 1368 plurimos
1021 1316 1198 1357 funiculo
1229 1317 1342 1357 brevi
1380 1314 1612 1356 circumda-

146 1395 211 1431 tos
240 1387 439 1444 portabat.
496 1387 592 1428 Tum
623 1387 727 1429 forte
757 1389 1008 1430 Democritus
1027 1419 1039 1439 ‚
1071 1388 1245 1429 civitatis
1279 1385 1458 1428 eiusdem
1493 1385 1611 1437 civis,

146 1462 266 1516 homo
299 1464 392 1503 ante
432 1458 535 1501 alios
568 1461 724 1502 virtutis
757 1465 798 1502 et
842 1461 1119 1515 philosophiae
1142 1460 1295 1515 gratia
1339 1457 1611 1509 venerandus,

146 1546 235 1575 cum
266 1532 532 1587 egrederetur
569 1536 682 1573 extra
723 1534 892 1583 urbem,
939 1534 1048 1574 videt
1080 1546 1170 1574 eum
1220 1545 1308 1572 cum
1348 1532 1415 1572 illo
1456 1543 1611 1585 genere

147 1606 288 1647 oneris
324 1609 403 1647 tam
447 1605 636 1658 impedito
675 1617 723 1647 ac
763 1592 841 1647 tam
876 1605 1080 1647 incohibili
1122 1605 1243 1646 facile
1275 1610 1395 1659 atque
1423 1604 1610 1658 expedite

145 1678 415 1726 incedentem,
442 1681 483 1717 et
510 1689 636 1730 prope
664 1679 838 1729 accedit,
863 1683 903 1719 et
929 1679 1152 1720 iuncturam
1179 1679 1477 1731 posituramque
1509 1676 1608 1730 ligni

144 1750 246 1792 scite
274 1749 482 1802 periteque
512 1748 657 1806 factam
684 1748 943 1801 considerat,
985 1750 1160 1804 petitque
1192 1753 1235 1790 ut
1261 1749 1431 1803 paullum
1462 1747 1610 1800 adqui-

142 1826 271 1864 escat.
330 1820 447 1870 Quod
473 1820 541 1861 ubi
570 1820 827 1875 Protagoras,
845 1811 911 1863 'uti
937 1827 1026 1863 erat
1053 1824 1231 1876 petitum,
1259 1822 1356 1863 fecit
1387 1826 1507 1875 atque
1527 1817 1606 1861 'iti-

141 1898 232 1938 dem
277 1895 529 1938 Democritus
574 1881 762 1936 acervum
807 1895 914 1937 illum
960 1901 1001 1936 et
1046 1897 1162 1950 quasi
1203 1897 1343 1937 orbem
1388 1893 1600 1935 caudicum

140 1968 256 2010 brevi
294 1967 453 2008 vinculo
495 1967 826 2020 comprehensum
865 1969 1022 2009 ratione
1060 1970 1232 2022 quadam
1271 1968 1387 2022 quasi
1427 1977 1601 2022 geome-

137 2039 239 2080 trica
268 2038 403 2080 librari
432 2039 709 2094 continerique
737 2038 919 2091 advertit,
947 2040 1224 2095 interrogavit,
1258 2040 1347 2094 quis
1376 2039 1418 2080 id
1447 2038 1600 2094 lignum

135 2112 191 2152 ita
220 2110 538 2163 composuisset:
577 2115 617 2150 et
646 2122 733 2162 cum
769 2110 834 2150 ille
863 2123 887 2152 a
915 2123 961 2152 se
991 2112 1255 2164 compositum
1291 2111 1485 2162 dixisset,
1521 2111 1600 2151 de-‘

136 2181 330 2225 sideravit
360 2182 417 2224 uti
448 2181 626 2224 solveret
653 2194 703 2225 ac
732 2182 865 2225 denuo
895 2184 936 2225 in
969 2184 1131 2227 modum
1164 2184 1336 2227 eundem
1366 2183 1598 2226 collocaret.

136 2256 190 2297 At
213 2259 423 2309 postquam
455 2255 523 2296 ille
552 2255 671 2297 solvit
700 2268 750 2297 ac
777 2256 959 2299 similiter
987 2259 1238 2311 composuit,
1274 2263 1354 2300 tum
1383 2258 1599 2299 Democri-

134 2332 198 2371 tus
236 2327 357 2370 animi
390 2327 522 2370 aciem
555 2326 854 2382 sollertiamque
894 2328 1067 2371 hominis
1107 2341 1188 2373 non
1230 2330 1339 2372 docti
1377 2329 1598 2375 demiratus

138 2400 198 2441 Mo·
234 2400 471 2458 adolescens
484 2430 496 2452 ‚
524 2401 671 2454 inquit,
709 2411 831 2452 quum
866 2401 1067 2455 ervenium
1093 2402 1193 2443 bene
1220 2403 1399 2457 faciendi
1426 2403 1595 2452 habeas,

65 2521 69 2524 ,
134 2476 230 2514 sune
252 2471 413 2514 maiora
436 2472 695 2525 melioraque,
721 2483 826 2525 quae
851 2473 994 2526 facere
1018 2487 1170 2516 mecum
1193 2476 1332 2528 possis
1343 2488 1358 2524 ‚-
1403 2475 1595 2517 abduxit-

134 2556 213 2599 que
251 2556 342 2590 eum
381 2546 529 2587 statim*
554 2556 769 2599 secumque
811 2543 949 2588 habuit
991 2552 1032 2588 et
1069 2553 1238 2589 sumtum
1274 2548 1512 2589 ministravit
1551 2553 1592 2588 et

129 2618 404 2672 philosophias
420 2618 572 2668 docuit,
599 2625 640 2661 et
656 2631 749 2661 esse
781 2631 870 2662 eum
900 2620 998 2662 fecit
1026 2627 1197 2675 quantus
1226 2627 1366 2676 postea
1395 2620 1504 2663 fuit.“
1535 2645 1590 2653 --

132 2690 287 2741 Quibus
328 2702 381 2731 ex
419 2688 522 2730 locis
566 2691 606 2731 id
645 2690 803 2744 quidem
847 2691 1061 2732 manifesto
1102 2697 1294 2746 apparet,
1329 2690 1588 2743 Protagoram

130 2760 299 2814 ignobili
329 2765 370 2802 et
399 2760 574 2802 obscuro
603 2761 721 2811 loco,
759 2759 1032 2803 Democritum
1063 2774 1162 2804 vero
1193 2763 1436 2817 amplissimo
1467 2767 1588 2817 atque

132 2825 424 2877 honestissimo
456 2845 610 2890 genere
651 2823 779 2877 or'tum
822 2833 983 2878 habitos
1010 2847 1103 2878 esse
1142 2836 1194 2878 ab
1224 2837 1461 2891 scriptorum
1489 2846 1593 2890 quos
