1871 3204
722 175 843 207 ,-
917 154 1009 197 170
1077 174 1139 183 -

231 273 290 325 ὦς
324 276 610 330 ἐπιδημοῦντα
640 274 849 316 induxisse
885 274 1051 328 Eupolis
1089 274 1247 316 dicitur.
1307 276 1378 316 His
1418 278 1539 329 igitur
1582 275 1695 332 frag-

229 351 375 391 mentis
403 372 456 380 —-
487 353 579 387 nam
609 347 703 389 aliis.
728 359 782 388 ne
809 347 1033 389 Meinekius
1061 347 1220 400 quidem
1255 346 1306 388 ad
1336 347 1415 389 hoc
1445 348 1714 402 probandum>

226 426 346 465 utitur
376 446 428 451 -—
460 420 723 473 Protagoram
751 421 950 461 acerrime
980 421 1224 475 exagitatum
1268 433 1360 462 esse
1385 422 1478 475 ‘quis
1513 422 1696 464 dixerit?

230 493 344 543 Quod
374 492 531 533 etiamsi
560 491 729 534 fecisset
753 491 947 546 Eupolis,
987 493 1204 546 parasitum
1234 501 1324 534 eum
1356 498 1402 534 re
1442 505 1538 535 vera
1568 494 1692 536 fuisse

224 565 544 617 κοιλιοδαίμονα
571 565 645 605 καί
674 564 1115 620 ταγηνοκνισοθήραν,
1154 566 1221 619 qui
1250 577 1327 606 nec
1357 566 1466 607 ferro
1498 578 1576 607 nec
1609 568 1693 620 igni

222 638 273 678 ab
310 636 438 689 epulis
468 637 673 678 removeri
700 641 864 690 posset,
906 638 975 679 vix
1005 638 1100 679 inde
1129 637 1459 692 colligeret,·qui
1488 643 1529 679 et
1555 641 1689 681 comi-

222 721 362 749 corum
404 713 569 749 omnino
601 710 796 749 rationem
834 714 875 750 et
901 709 1109 763 Eupolidis
1141 711 1350 751 consilium
1379 710 1528 752 Calliae
1557 695 1692 753 fabula

222 780 441 822 irridendi
438 785 694 841 compertum
726 780 906 822 haberet.

336 854 495 895 Plurimi
537 855 787 894 aestimatam
830 855 957 895 fuisse
997 854 1243 909 Protagorae
1280 856 1566 913 institutionem
1603 868 1693 898 ma-

219 938 381 982 gnaque
413 939 574 981 semper
601 927 884 981 discipulorum
912 928 1161 969 multitudine
1190 929 1353 970 scholas
1385 930 1471 971 eius
1492 923 1687 989 frequen-

223 1005 327 1042 tatas
347 1012 399 1056 ex
412 1001 548 1042 multis
563 1001 802 1053 scriptorum
821 1001 923 1041 locis
938 985 1168 1054 planissime
1187 1006 1364 1055 apparet.
1389 1002 1462 1043 vid
1463 1004 1714 1070 Q
1624 1003 1691 1044 61
1751 1045 1756 1056 ‚

224 1073 355 1142 Atque
385 1077 494 1137 tanta
523 1072 590 1114 ille
610 1074 764 1138 pietate
783 1073 1005 1125 colebatur,
1031 1078 1075 1115 ut
1086 1072 1179 1115 Plat
1196 1073 1307 1127 Reip.
1324 1073 1391 1115 lib.
1407 1073 1459 1115 X.
1490 1087 1580 1129 pag.
1593 1074 1688 1116 600.

225 1145 270 1197 C,
301 1145 335 1186 D
365 1146 405 1185 in
436 1135 497 1186 eis
514 1133 803 1196 memoretur,
833 1157 936 1199 quos
960 1146 1172 1186 auditores
1201 1149 1351 1188 tantum
1379 1151 1475 1196 non
1482 1147 1687 1199 capitibus

222 1218 534 1272 portarint.1d
572 1218 679 1271 quod
708 1218 841 1272 lepide
890 1218 1086 1260 describit
1114 1218 1224 1260 Plato
1255 1220 1358 1261 Prot.
1388 1231 1480 1283 pag.
1508 1219 1604 1261 315.
1635 1221 1687 1270 Α,

220 1291 302 1341 ubi,
316 1296 526 1344 postquam
558 1291 767 1332 auditores
789 1304 877 1332 cum
893 1292 1111 1345 Protagora
1140 1292 1180 1332 in
1196 1291 1346 1333 Calliae
1373 1275 1530 1345 porticu
1546 1292 1689 1333 deam—

216 1364 400 1405 bulantes
434 1366 654 1416 recensuit,
693 1362 863 1406 Τούτων
893 1364 962 1417 δέ,
993 1366 1132 1419 inquit,
1164 1364 1208 1406 οΐ
1235 1357 1411 1405 ὄπισθεν
1427 1363 1688 1419 ἠκολούθουν

214 1434 492 1484 ἐπακούοντες
508 1437 589 1478 ταῖν
604 1438 848 1490 λεγομένων,
883 1435 930 1477 τὸ
960 1437 1038 1487 μὲν
1066 1434 1172 1477 πολὺ
1205 1436 1315 1485 ξένοι
1344 1433 1583 1492 ἐφαίνοντο,
1612 1433 1688 1485 οὕς

213 1503 308 1560 ἆγει
337 1509 380 1557 ἐξ
411 1503 594 1548 ἑκάστων
623 1509 705 1548 ταῖν
735 1505 897 1547 πόλεων
930 1505 951 1547 ὅ
980 1505 1274 1560 Πρωταγόρας
1302 1507 1355 1547 δι’
1385 1500 1443 1547 ὧν
1479 1508 1687 1560 διεξέρχε-

212 1596 281 1621 ται
312 1581 449 1633 κηλῶν
477 1580 525 1636 τῇ
555 1580 680 1634 φωνῇ
712 1575 853 1632 (ὅσπερ
883 1578 1090 1633 Ὀρφεύς,
1132 1577 1171 1619 οἱ
1212 1578 1259 1620 δὲ
1286 1577 1394 1620 κατὰ
1429 1576 1504 1633 τήν
1541 1577 1690 1634 φωνὴν

213 1654 382 1693 ἕπονται
412 1651 700 1705 κεκηλημένοι·
731 1646 840 1704 ἦσαν
869 1652 917 1691 δέ
947 1665 1057 1698 τινες
1083 1651 1158 1691 καί
1183 1650 1268 1691 τῶν
1295 1635 1536 1705 ἐπτιχωριοον
1565 1652 1688 1708 ἐντῷ

210 1723 342 1779 χορῷ.
399 1724 548 1764 τοῦτον
577 1719 653 1764 τὸν
680 1722 810 1777 χορὸν
836 1719 1022 1775 μάλιστα
1051 1720 1179 1776 ἔγωγε
1205 1720 1316 1764 ’ἰδών
1344 1717 1492 1778 ἥσθην,
1523 1720 1581 1771 ὦς
1608 1739 1685 1763 κα-

214 1797 297 1843 λῶς
343 1791 600 1846 εὐλαβοῦντο
640 1796 850 1848 μηδέποτε
890 1793 1087 1845 ἐμποδών
1125 1792 1170 1835 ἐν
1210 1795 1268 1850 τῷ
1305 1791 1545 1848 ἔμπροσθεν
1577 1790 1684 1835 εἶναι

213 1863 526 1920 Πρωταγόρου,
556 1865 648 1907 ἀλλ’
673 1863 819 1919 ἐπειδή
853 1865 976 1914 αὐτὸς
1006 1866 1261 1922 α’ναστρέφοι
1292 1866 1364 1908 καί
1394 1863 1433 1908 οἱ
1463 1866 1553 1918 μετ’
1579 1867 1685 1908 ἐκεί-

211 1954 301 1991 νου,
333 1934 383 1980 εὖ
406 1955 493 1988 πως
522 1939 594 1981 καί
620 1941 664 1981 ἐν
694 1940 837 1995 κόσμῳ
866 1940 1179 1992 περιεσχίζοντο
1211 1934 1328 1981 οὗτοι
1359 1937 1397 1980 οἱ
1427 1936 1589 1991 ἐπήκοοι
1621 1937 1687 1980 ἔν-

210 2014 286 2053 θεν
324 2012 397 2052 καὶ
429 2009 581 2063 ἔνθεν,
625 2013 698 2052 καί
737 2011 781 2052 ἐν
809 2009 948 2068 κύκλῳ
979 2012 1209 2065 περιιόντες
1241 2009 1314 2052 ἀεῖ
1340 2011 1399 2059 εἰς
1429 2008 1489 2057 τὸ,
1508 2005 1685 2052 ὄπισθεν

211 2082 469 2125 καθίσταντο
510 2083 730 2124 κάλλιστα.
797 2083 1054 2135 Nequaquam
1097 2083 1220 2136 igitur
1256 2083 1503 2135 Protagorae
1543 2083 1685 2123 talibus

213 2165 314 2206 opus
353 2159 442 2194 erat
484 2154 713 2208 illecebris,
756 2153 899 2207 quibus
928 2153 1140 2194 Herbstius
1175 2164 1271 2207 pag.
1305 2153 1394 2196 133.
1438 2164 1529 2193 eum
1568 2165 1683 2194 usum

213 2238 306 2267 esse
336 2227 600 2267 calumniatur
640 2225 692 2268 ad
729 2230 919 2279 parentes
956 2230 999 2267 ut
1036 2226 1140 2267 filios
1177 2227 1255 2268 sibi
1285 2226 1491 2267 traderent
1520 2238 1684 2278 permo-

212 2299 389 2339 vendos:
421 2299 551 2351 „Weil
581 2298 681 2339 aber
708 2297 849 2340 solche
875 2297 1092 2353 Jsmgtinge
1119 2298 1410 2340 meistentheils
1437 2297 1544 2339 noch
1572 2298 1683 2344 nicht

213 2371 474 2427 unabhangig
516 2383 699 2424 waren,
721 2383 769 2414 so
797 2370 877 2426 gab
910 2382 956 2414 er
982 2371 1024 2413 in
1056 2371 1147 2414 dem
1174 2372 1405 2427 Programm
1433 2370 1683 2414 seinesUn-

212 2443 432 2496 terrichtS,
475 2457 540 2485 um
571 2445 659 2486 sich·
699 2444 777 2486 den
808 2445 975 2500 Aeltern
1017 2445 1243 2499 angenehm
1289 2455 1346 2499 zu⁷
1381 2443 1580 2496 macheu,
1623 2444 1683 2486 als

211 2516 444 2558 besondere
473 2516 602 2557 Lehre
632 2519 736 2558 auch
769 2518 834 2558 die
866 2530 933 2569 an,
964 2517 1059 2558 dass
1088 2529 1135 2558 er
1164 2518 1244 2557 den
1272 2516 1446 2557 Kindern
1464 2516 1679 2558 Ehrfurcht

211 2589 293 2629 und
324 2588 451 2629 Liebe
482 2600 618 2642 gegen
650 2589 716 2630 die
745 2590 912 2631 Aeltern
942 2589 1190 2631 beibrachte.
1221 2588 1344 2630 Diese
1371 2588 1515 2629 beiden
1529 2589 1681 2642 Haupt-

211 2661 366 2710 lehren,
395 2660 469 2700 des
499 2659 934 2714 Entgegenspreehens
965 2660 1047 2702 und
1076 2659 1358 2701 Processirens
1387 2660 1467 2701 und
1509 2661 1574 2701 die
1608 2660 1682 2700 der

213 2733 500 2783 Aelternliebe‚
536 2744 615 2774 von
649 2732 778 2775 denen
811 2734 876 2775 die
905 2738 1061 2775 erstern
1095 2732 1219 2777 durch
1254 2731 1351 2774 alles
1380 2736 1517 2786 spater
1542 2733 1680 2774 Anzu-

211 2806 408 2846 siihrende
447 2807 527 2846 und
569 2805 683 2845 diese
719 2806 842 2845 durch
875 2808 967 2846 eine
996 2817 1157 2860 genaue
1186 2804 1434 2859 Mittheilung
1463 2804 1536 2844 des
1566 2804 1674 2845 Plato

210 2878 332 2929 (Men.
365 2891 456 2933 pag.
488 2880 576 2931 91.)
609 2879 809 2920 erwicsen
838 2880 952 2931 sind,
980 2880 1114 2934 geben
1142 2878 1352 2932 zugleich,
1381 2889 1429 2919 so
1458 2889 1509 2919 zu
1537 2889 1678 2932 sagen,

1766 975 1779 1018 f
