1871 3204
700 143 1054 192 -1312

159 270 219 313 De
251 268 312 311 his
340 268 443 312 enim
478 268 719 326 Protagorae
751 270 1048 325 quaestionibus
1081 267 1379 330 intelligendum
1410 272 1470 310 est
1500 267 1606 322 quod

162 343 400 385 Aristoteles
413 343 541 398 Soph.·
554 345 612 389 El.
633 357 719 399 cap.
735 338 833 386 XlV.
864 346 945 386 init.
961 344 1176 386 secundum
1191 332 1449 399 Protagoram
1466 342 1608 384 soloe·—

162 418 324 458 cismum
340 418 587 459 committere
602 419 666 472 ait,
684 420 749 472 qui
763 421 886 472 μῆνιν
901 418 1126 471 οὐλομένην
1143 404 1248 458 dicat
1264 419 1400 468 (Hom.
1419 417 1459 457 ll.
1478 417 1607 464 inim:

161 487 436 542 Σολῒιικισμὸς
467 482 554 532 οἷον
587 492 665 542 μέν
693 491 806 531 ἐστιν
832 487 997 543 εἴρηται
1026 476 1252 544 πρότερον..
1296 486 1383 530 ἔστι
1412 490 1457 530 δὲ
1484 489 1608 541 τοῦτο

158 563 232 605 ’κατ’
258 567 392 603 ποιεῖν
420 562 492 603 καί
516 559 575 615 μὴ
606 564 816 603 ποιοῦντα·
838 559 1072 615 φαίνεσθαί
1097 559 1170 600 καί
1209 563 1405 602 ποιοῦντα
1442 562 1501 614 μή
1534 563 1607 601 do..

160 631 490 692 uefv,³uoe3oe'nsp‘
513 630 535 673 ὃ
566 630 861 687 Πρωταγόρας
887 628 1036 686 ἔλεγεν,
1066 632 1106 673 εἰ
1133 629 1153 672 ὅ
1181 619 1340 686 μῆνις
1367 632 1439 673 καί
1467 632 1487 673 ὁ
1518 631 1606 688 πή-

160 707 249 758 ληξ
296 698 424 757 ἄρρεν
461 706 587 746 ἐστίν.
646 703 668 743 ὅ
709 706 787 760 μὲν
826 702 905 756 γάρ
943 706 1072 756 λέγων
1101 706 1395 759 ου’λομένην
1424 707 1607 745 σολοικί-

160 776 220 825 ζει
250 776 445 826 μὲν’κατ’
472 777 639 827 ἐκεῖνον,
669 773 722 817 ου’
751 774 943 829 φαίνεται
977 777 1023 817 δὲ
1044 780 1128 825 τοῖς
1154 771 1307 828 ἄλλοις,
1343 772 1364 816 ὅ
1394 775 1605 816 ‹ta-omen

159 850 559 901 μενονφοιιίνεται
599 848 702 898 μέν,
743 847 831 887 ἀλλ’
865 846 914 887 οὗ
944 849 1176 899 σολοικίζει.
1233 848 1348 889 Conf.
1386 848 1606 893 Alexandri

162 917 289 958 schol.
329 918 392 959 ad.
425 918 464 958 h.
496 918 520 959 l.
561 930 650 973 pag.
682 919 777 960 308.
815 918 878 964 ed.
906 918 1085 960 Brandis.
1144 919 1296 969 Quibus
1325 920 1460 960 verbis
1488 931 1606 973 quum

162 992 256 1032 talia
287 991 493 1044 disciplina
523 1005 593 1034 sua
623 993 841 1052 amplexum
869 1004 961 1034 esse
989 989 1245 1047 Protagoram
1275 998 1492 1046 appareat,
1530 1005 1607 1033 ne·-

161 1074 238 1117 que
268 1063 319 1104 de
351 1068 573 1105 ceterorum
603 1051 969 1118 sophistarum-*ullo
1001 1064 1041 1106 id
1079 1076 1207 1118 genus
1247 1065 1456 1118 quicquam
1489 1066 1610 1105 inno-

160 1137 304 1188 tuerit,
346 1135 438 1189 quin
479 1139 701 1178 rectissime
732 1150 756 1177 a
785 1138 998 1191 Spengelio
1028 1149 1120 1190 pag.
1151 1137 1218 1178 43.
1259 1138 1309 1177 ad
1352 1138 1609 1191 l’rotagoram

160 1208 285 1250 relata
333 1210 412 1250 sint
450 1221 552 1264 quae
579 1209 678 1251 Nub.
719 1222 757 1251 v.
782 1208 877 1250 645.
909 1213 949 1250 et
977 1220 1014 1262 q.
1045 1220 1159 1263 seqq.
1201 1208 1407 1251 cavillatur
1447 1210 1610 1252 Aristo-

163 1282 343 1334 phanes,
390 1283 573 1334 equidem
614 1293 695 1321 non
737 1282 888 1322 dubito.
961 1282 1130 1334 Magnae
1165 1282 1268 1321 enim
1313 1294 1400 1322 cum
1445 1285 1608 1324 omnino

161 1355 404 1409 Protagorae
446 1354 522 1395 hac
565 1353 775 1396 infabula
815 1358 907 1395 sunt
937 1358 1100 1407 partes,
1139 1358 1218 1395 tum
1250 1355 1406 1396 ratione
1447 1368 1521 1409 qua
1557 1356 1608 1396 ad

160 1428 265 1467 hanc
295 1439 379 1467 rem
416 1428 560 1467 transit
590 1431 707 1483 poeta
749 1431 886 1473 nostra
917 1416 1114 1467 sententia
1158 1439 1403 1480 magnopere
1441 1430 1608 1468 iuvatur.

158 1499 424 1552 Strepsiadem
441 1529 452 1551 ‚
486 1499 552 1552 qui
583 1510 735 1539 summo
758 1484 961 1539 desiderio
989 1496 1062 1540 τὸν
1093 1495 1203 1553 ἥττω
1233 1496 1351 1552 λόγον
1377 1499 1608 1552 perdiscere

161 1574 289 1625 cupit,
328 1573 516 1614 Socrates
548 1577 664 1612 antea
696 1583 795 1624 opus
815 1583 917 1612 -esse
955 1576 1090 1611 monet
1119 1576 1160 1611 ut
1189 1573 1459 1624 grammaticis
1489 1585 1611 1625 prae-—

162 1646 287 1697 ceptis
317 1646 366 1685 sit
395 1644 595 1685 imbutus·
634 1644 763 1696 Atque
795 1643 940 1685 eademv
967 1643 1090 1684 fuisse
1118 1640 1275 1684 videtur
1306 1644 1519 1697 sophistae
1541 1657 1610 1685 ra·—

160 1718 230 1769 tio,
260 1718 325 1771 qui
354 1716 584 1770 discipulos,
618 1717 844 1769 priusquam
886 1718 936 1756 ad
965 1727 1052 1756 eum
1082 1717 1178 1757 artis
1207 1717 1375 1770 gradum
1406 1719 1609 1758 ascende-

158 1794 259 1841 rent,
289 1802 365 1843 qua
397 1786 420 1828 ὅ
451 1785 579 1842 ἥττων
606 1785 725 1842 λόγος
746 1788 944 1843 κρείττων
974 1787 1228 1838 reddebatur,
1253 1791 1512 1841 grammatica
1541 1792 1607 1829 in-

159 1864 360 1905 stitutione
390 1862 621 1903 exornabat.
678 1856 966 1914 Aristophanis
985 1861 1225 1917 verolocus
1254 1861 1319 1903 hic
1350 1867 1437 1903 est:

323 1935 450 1976 ETP.
481 1960 533 1966 —
570 1933 635 1974 Ου’
662 1931 755 1987 γάρ,
783 1932 931 1990 ᾠζυρέ,

321 2006 478 2049 τούτων
505 2007 700 2057 ἐπιθυμῶ
727 1996 957 2057 μανθάνὲιν
985 2004 1121 2046 ου’ὃέν.
1181 2004 1270 2046 ΣΩ.
1305 2005 1360 2046 Τι’
1376 2005 1471 2056 δαίς

325 2080 450 2120 ΣΤΡ.
478 2075 631 2127 Ἐκεῖν’,
659 2078 804 2129 ἐκεῖνο,
833 2066 906 2118 τὸν
933 2075 1189 2117 ἀδικώτατον
1218 2074 1350 2131 λόγον.

323 2152 409 2215 Σῼ.
437 2152 547 2193 ‘'AM.
578 2151 697 2202 ἕτερα
727 2150 797 2190 δεῖ
812 2163 859 2189 σε
887 2150 1091 2202 πρότερα
1087 2148 1254 2190 τούτων
1280 2148 1527 2201 μανθάνειν

322 2226 404 2265 τῶν
429 2222 697 2276 τετραπόδων
721 2218 811 2261 a'i’t'
839 2221 950 2261 ἐστιν
979 2220 1116 2274 ὀρθῶς
1144 2236 1313 2274 αρρενα.

155 2297 278 2339 Etiam
297 2293 436 2350 ὄρθως
452 2294 707 2349 Protagorice
738 2292 882 2334 dIctum
899 2305 991 2334 esse
1008 2290 1189 2334 videtur:
1219 2294 1326 2336 conf.
1352 2291 1429 2349 ἔπη
1461 2293 1603 2348 ὀοθῶς

95 2372 97 2374 ’
153 2373 411 2426 πεποιημένα
437 2370 538 2421 (vid.
566 2381 652 2421 cap.
680 2367 724 2407 Il.
729 2373 763 2417 J,
793 2366 1029 2423 ὀρθοέηεια,
1058 2383 1078 2407 ο
1107 2366 1236 2420 ὀρθὸς
1266 2368 1399 2422 λόγος,
1431 2369 1481 2410 de
1512 2371 1601 2422 qui-

153 2445 228 2487 bus
256 2445 356 2485 infra
389 2423 597 2485 dicendum
626 2441 712 2483 erit.

316 2518 441 2557 ΣΤΡ.
472 2517 582 2558 Ἀλλ’
610 2510 687 2557 οἶδ’
717 2510 842 2566 ἔγωγε
869 2491 1048 2567 'capp-510⁹,
1073 2512 1112 2553 εἰ
1140 2511 1198 2566 μὴ
1230 2513 1447 2566 μαιᾝνομαι

321 2584 446 2639 κριός,
473 2588 632 2642 τράγος,
660 2586 824 2639 ταῦρος,
851 2583 974 2636 κύων,
1003 2584 1252 2638 ἄλεκτρυων.

318 2660 403 2702 ΞΩ.
426 2655 591 2715 Ορᾷςι
580 2657 601 2700 ὁ
628 2659 822 2712 πάσχειςς
857 2654 933 2711 τήν
962 2671 1004 2698 τε
1035 2654 1210 2711 θήλειαν
1238 2662 1379 2706 καλεῖς

316 2729 573 2786 ἀλεκτρυόνα
601 2730 703 2773 κατὰ
735 2728 858 2773 ταῦτό
889 2745 957 2769 και
986 2729 1059 2771 τὸν
1090 2747 1267 2785 αρρενα

315 2806 439 2848 ΣΤΡ.
478 2805 585 2855 Πῶς
617 2804 692 2860 δή5
735 2803 837 2860 φέρ’
898 2802 983 2844 ΣΩ
1014 2798 1183 2852 ‘'30unw
1167 2821 1207 2855 ,ς
1245 2800 1486 2853 ωλεκτρυών
1517 2797 1594 2857 χῆ·

1153 2874 1372 2931 λεκτρυών.
