1871 3204
643 128 974 172 -27-

98 254 283 294 dubitans
303 255 352 304 *J
367 268 379 304 3
409 260 449 295 et
476 255 672 295 refellitur
700 267 723 294 a
752 254 927 293 Meursio
940 284 952 303 ‚
989 254 1148 293 Petavio
1160 283 1174 302 ‚
1202 251 1350 292 Vossio
1366 281 1378 301 ‚
1409 251 1548 291 Mena-

96 328 167 379 gio
181 326 263 375 **).
293 325 388 367 Item
400 326 697 381 Hambergerus
714 326 820 376 ”⁴⁶2
839 324 1142 379 Bruckerusque
1159 329 1206 374 †)
1236 322 1464 378 olympiade
1484 334 1550 363 se-

95 400 342 453 ptuagesima
359 401 644 453 Anaxagoram
665 400 830 452 primam
860 399 988 439 lucem
1015 399 1220 451 aspexisse
1239 408 1376 438 verum
1401 398 1548 448 putant.

64 517 66 519 r
97 470 257 524 Baylius
270 477 400 513 autem
412 475 562 511 tantum
579 472 707 521 abest,
720 475 763 511 ut
779 469 829 511 ad
847 468 1135 522 expediendam
1153 470 1254 510 hanc
1269 468 1319 510 de
1329 469 1550 520 Anaxago-

92 553 163 582 rae
176 546 307 582 aetate
317 542 592 594 quaestionem
605 536 817 595 quicquam
829 539 1023 590 conferat,
1038 543 1079 578 ut
1090 539 1329 593 negligentia
1344 553 1414 582 sua
1430 541 1550 580 etiam

94 613 224 666 magis
253 613 460 666 perturbet
478 617 576 664 Η).
608 613 733 654 Nemo
764 614 887 653 enim·
899 616 1079 652 veterum
1108 612 1389 667 Anaxagoram
1418 623 1549 654 annos

193 708 225 752 ⁵)
252 707 474 741 casaubonus
513 707 536 740 1.
563 707 607 741 l.:
644 706 1039 755 „Tsysvr‘jossaaatirev
1073 707 1117 754 τῇ
1144 708 1391 756 ἑβδομηκοστῇ
1431 708 1547 755 ὀλυμ-

90 754 220 800 πιάδι]
249 754 428 788 Probarem
457 760 495 788 ut
517 756 726 789 scriberetur
747 755 932 803 ἑξηκοστῇ,
959 757 1035 797 etsi,
1063 758 1221 800 quoniam
1246 767 1288 789 ex
1314 756 1458 789 diversis
1482 766 1548 788 au-

91 802 241 834 ctoribus
267 800 351 835 haec
377 802 521 846 collegit
545 803 708 845 Laertius,
735 804 794 836 vix
818 805 996 848 quicquam
1022 809 1135 847 potest
1163 803 1281 837 harum
1307 815 1419 836 rerum
1448 802 1547 836 affir-

93 849 188 882 mari.
239 849 283 881 At
307 851 535 896 γεγενῆσθαι
558 851 774 894 interpretari
799 850 955 884 floruisse
977 849 1028 897 μὴ
1052 855 1115 886 καί
1141 852 1242 887 πάνυ
1264 853 1412 897 γελοῖον
1434 847 1477 898 fi,-

193 895 246 940 Μ)
277 896 453 941 lllenagius
481 898 523 931 ad
549 897 582 931 h.
611 898 659 931 l.:
688 902 762 947 »Τῇ
788 899 1035 947 ἑβδομηκοστῇ
1060 898 1279 946 ὀλυμπιάδι]
1306 900 1346 946 τῇ
1374 898 1549 945 ἑξηκοστῇ

92 941 315 977 Casaubonus
341 945 575 987 reponendum
610 946 833 979 existimabat.
884 946 950 980 Sed
981 948 1120 978 omnino
1145 945 1231 978 nihil
1259 945 1453 977 mutandum
1480 944 1547 977 do-

92 994 149 1023 cet
171 990 295 1023 Meurs.
322 992 425 1025 Attic.
454 992 532 1030 lect.
558 992 616 1026 lib.
644 993 702 1027 111.
729 1003 803 1037 cap.
829 994 885 1027 27.
911 1014 956 1022 -
990 995 1051 1039 Τῷ
1074 992 1210 1037 πρώτῳ
1235 990 1309 1025 ἔτει
1340 992 1405 1033 τῆς
1440 992 1548 1035 ἑβδο-

90 1040 276 1085 μηκοστῆς
300 1038 445 1089 ὀγδόης]
479 1040 725 1089 ὀγδοηκοστῆς
757 1041 891 1088 ὀγδόης
917 1040 1122 1073 emendabat
1147 1040 1316 1073 Meursius
1342 1039 1441 1072 Attic.
1467 1037 1547 1071 lect.

92 1085 153 1117 lib.
180 1085 240 1118 111.
268 1096 342 1130 cap.
369 1089 426 1121 27.
454 1094 487 1120 et
512 1088 599 1121 libro
625 1089 667 1121 de
694 1089 845 1121 archont.
872 1088 997 1121 Athen.
1029 1087 1088 1119 lib.
1114 1086 1157 1119 11.
1185 1096 1259 1128 cap.
1292 1086 1335 1118 13
1353 1110 1363 1126 ,
1389 1096 1453 1118 nec
1481 1096 1549 1118 non

92 1133 252 1167 Petavius
278 1134 313 1167 in
340 1134 535 1168 Rationario
560 1141 702 1179 tempor.
733 1141 829 1179 parte
855 1134 879 1168 1.
909 1133 969 1167 lib.
994 1132 1055 1168 111.
1083 1143 1158 1177 cap,
1184 1132 1227 1174 8,
1260 1142 1361 1177 quem
1390 1143 1456 1177 ego
1485 1142 1550 1165 au-

92 1186 222 1214 ctorem
257 1181 292 1215 in
333 1182 588 1227 chronologicis
629 1182 855 1217 vehementer
891 1191 1043 1226 sequor,
1084 1186 1119 1214 et
1145 1181 1288 1215 Vossius
1326 1180 1369 1214 de
1394 1181 1549 1214 scientiis

95 1228 340 1262 mathematicis
366 1240 441 1273 cap.
466 1230 546 1264 33.“

184 1278 255 1322 *¹*)
281 1276 530 1320 Hambergerus
549 1277 571 1310 l.
588 1276 628 1309 l.:
656 1277 780 1318 „Seine
793 1275 1010 1321 (Democriti)
1031 1274 1288 1318 Zeitrechnung
1312 1275 1356 1307 ist
1372 1274 1453 1307 sehr
1467 1284 1550 1308 ver-

92 1321 228 1353 wirret:
266 1322 356 1355 doch
384 1321 478 1355 komt
503 1334 579 1355 man
612 1323 672 1355 auf
703 1322 867 1362 folgende
891 1323 953 1354 Art
978 1323 1039 1354 der
1064 1322 1244 1355 Wahrheit
1280 1332 1333 1354 am
1358 1321 1549 1354 nahesten:

89 1368 306 1403 Democritus
343 1380 417 1403 war
450 1371 584 1415 vierzig
615 1370 720 1405 Jahre
746 1370 875 1415 junger
911 1370 962 1404 als
997 1369 1059 1403 der
1084 1368 1290 1403 Weltweise
1319 1371 1551 1414 Anaxagoras.

90 1416 214 1449 Dieser
249 1427 324 1449 war
359 1418 414 1450 bei
454 1417 530 1450 dem
557 1418 731 1451 Einbruch
770 1419 831 1451 des
869 1419 1024 1461 Keniges
1061 1420 1192 1452 Xerxes
1230 1418 1266 1450 in
1298 1416 1551 1450 Griechenland

90 1463 250 1506 zwanzig
274 1463 378 1497 Jahre
418 1463 466 1496 alt
491 1465 618 1510 (Diog.
652 1466 761 1498 Lacrt.
799 1465 848 1497 lib
884 1465 925 1497 11.
954 1476 982 1500 s,
1011 1466 1073 1507 7.)
1110 1464 1179 1496 und
1216 1465 1432 1497 Democritus
1474 1464 1550 1497 also

91 1510 251 1554 zwanzig
276 1510 379 1545 Jahre
400 1511 489 1545 nach
518 1512 649 1546 diesem
678 1512 788 1546 Einfal
824 1511 988 1556 geboren.
1040 1511 1109 1545 Der
1132 1511 1324 1556 Kriegszug
1359 1511 1419 1545 des
1443 1510 1553 1544 lieni*

93 1568 156 1601 ges
187 1558 317 1592 Xerxes
355 1559 507 1603 geschah
541 1561 587 1593 im
613 1560 696 1594 Jahr
733 1560 794 1593 der
825 1560 1048 1597 We1t350‘4.
1094 1560 1228 1592 zahlen
1262 1561 1328 1592 wir
1360 1571 1429 1592 nun
1461 1560 1553 1592 noch

94 1606 254 1649 zwanzig
277 1606 381 1640 Jahre
406 1607 579 1649 herunter,
605 1618 644 1641 so
669 1608 715 1641 ist
737 1607 798 1641 das
824 1607 907 1641 Jahr
933 1608 1028 1642 3524
1055 1606 1114 1639 das
1145 1606 1369 1648 Geburtsjahr
1394 1607 1454 1640 des
1480 1607 1553 1640 De-

92 1653 269 1685 mocritus.
321 1655 442 1687 Dieses
464 1655 547 1689 Jahr
571 1655 646 1689 fallt
667 1656 701 1688 in
728 1656 784 1688 die
811 1655 865 1688 79.
893 1654 962 1687 und
989 1654 1045 1688 80.
1073 1654 1310 1698 Olympiade.“

185 1702 223 1744 †)
250 1700 443 1735 Bruckerus
468 1703 489 1734 l.
510 1702 550 1735 t:
574 1702 827 1745 „Apollodorus
853 1708 966 1735 autem
990 1702 1025 1734 in
1054 1701 1234 1735 Chronicis
1264 1702 1391 1744 olymp.
1422 1702 1551 1738 LXXX.

98 1747 125 1779 1.
154 1747 263 1790 ponit,
289 1759 436 1792 quocum
461 1751 682 1792 conveniunt,
707 1760 796 1794 quae
819 1750 895 1793 ipse
907 1750 1122 1783 Democritus
1142 1749 1268 1782 alicubi
1292 1747 1439 1790 tradidit,
1466 1759 1556 1792 qua-

96 1794 253 1838 draginta
276 1797 374 1829 annis
392 1797 597 1841 Anaxagora
624 1808 662 1831 se
690 1807 768 1831 esse
791 1798 971 1839 iuniorem,
997 1799 1025 1830 si
1050 1796 1146 1830 illum
1175 1803 1290 1831 natum
1322 1807 1400 1830 esse
1425 1796 1553 1840 olymp.

96 1841 194 1877 Lxx.
237 1846 266 1876 1.
305 1850 503 1886 ponamus.“
580 1844 679 1877 Conf.
715 1854 794 1888 pag.
819 1843 911 1878 492:
952 1845 1195 1887 „Anaxagoras
1233 1844 1474 1879 Clazomenius
1512 1855 1555 1876 ex

94 1889 192 1922 Ionia
219 1895 318 1922 natus
345 1890 398 1924 Ol.
426 1891 524 1924 Lxx.
555 1892 570 1923 1
587 1895 605 1912 α

146 1938 212 1980 ††)
229 1936 339 1980 Baylii
354 1938 477 1979 locum,
492 1939 618 1985 quique
632 1938 786 1981 proxime
799 1942 987 1982 sequuntur
1001 1938 1135 1971 Corsini
1153 1942 1186 1969 et
1202 1937 1387 1979 Meinersii,
1399 1937 1554 1980 integros

95 1984 252 2025 ascripsi,
267 1990 304 2016 ut
315 1985 431 2027 paullo
446 1986 544 2025 infra,
557 1985 614 2017 ubi
627 1985 810 2027 diligenter
823 1986 875 2016 illi
890 1985 1183 2023 examinabuntur,
1194 1984 1261 2015 huc
1273 1984 1440 2016 lectorem
1452 1984 1554 2016 dele-

98 2038 181 2073 gare
196 2039 343 2073 possem.
372 2031 512 2075 Baylius
526 2031 548 2064 l.
568 2030 610 2064 l.:
638 2031 711 2075 „On
736 2041 781 2064 ne
805 2036 926 2064 trouve
946 2031 1020 2063 rien
1040 2031 1082 2062 de
1103 2031 1231 2063 certain
1244 2031 1279 2062 ni
1292 2041 1349 2063 sur
1366 2030 1495 2062 letems
1511 2030 1556 2062 de

98 2087 137 2111 sa
149 2079 330 2112 naissance
347 2081 380 2113 ni
395 2091 452 2113 sur
473 2080 506 2113 le
533 2085 618 2113 tems
643 2080 685 2113 de
709 2089 745 2113 sa
760 2085 856 2113 mortv
892 2079 993 2113 Aussi
1013 2088 1146 2122 voyons
1164 2089 1249 2112 nous
1264 2088 1331 2123 que
1343 2077 1498 2123 Scaliger
1510 2088 1555 2111 ne

96 2125 158 2156 fait
173 2132 270 2158 autre
295 2126 400 2160 chose
426 2138 493 2171 que
517 2138 685 2171 marquer,
710 2138 752 2159 en
781 2129 862 2170 quoi
887 2127 938 2159 les
962 2132 1099 2159 auteurs
1123 2137 1160 2158 se
1188 2127 1432 2159 contredisent.
1484 2127 1558 2159 De-

96 2173 240 2204 mocrite
267 2172 350 2206 dans
386 2174 419 2206 la
458 2175 647 2218 chronique
685 2173 856 2206 d'Eusebe
896 2173 1009 2206 fleurit
1037 2184 1077 2205 au
1118 2179 1414 2206 commencement
1438 2172 1481 2205 de
1525 2172 1558 2205 la

95 2218 150 2252 70.
168 2218 387 2264 olympiade.
407 2227 441 2254 et
465 2227 591 2255 ‘meurt
624 2221 691 2254 l'an
715 2223 747 2255 2.
786 2221 829 2255 de
854 2221 888 2254 la
913 2221 970 2256 93.
1009 2222 1125 2264 [immo
1159 2221 1202 2254 de
1227 2220 1260 2254 la
1287 2220 1360 2264 94]
1420 2220 1484 2255 Sur
1517 2231 1559 2254 ce

96 2266 177 2309 pied
194 2267 255 2299 -la
282 2269 306 2300 il
335 2269 480 2301 faudrait
505 2268 586 2312 qu’il
614 2270 672 2301 eut
698 2270 787 2301 vecu
813 2269 993 2311 beaucoup
1020 2269 1096 2311 plus
1120 2269 1163 2301 de
1192 2268 1258 2302 109
1281 2279 1342 2301 ans
1360 2294 1369 2309 ‚
1407 2279 1451 2300 ou
1475 2268 1558 2312 qu'il

96 2314 155 2345 eut
182 2313 279 2347 sseuri
308 2315 367 2348 des
391 2326 428 2348 sa
455 2316 508 2348 19.
537 2317 658 2347 annee.
710 2316 861 2349 Diodore
897 2316 940 2348 de
966 2315 1070 2350 Sjcile.
1097 2316 1130 2348 le
1159 2316 1220 2348 sait
1247 2317 1376 2349 mourir
1414 2316 1480 2358 age
1517 2316 1560 2348 de

96 2359 143 2394 90
170 2371 255 2403 ans,
289 2361 323 2395 la
349 2363 519 2407 premiere
546 2363 656 2395 annee
682 2361 725 2395 de
750 2362 783 2395 la
810 2363 866 2396 94.
895 2362 1103 2407 olympiade.
1155 2362 1284 2395 Lucien
1309 2372 1453 2404 assure,
1491 2373 1560 2406 que

93 2407 291 2443 Democrite
319 2422 358 2444 se
383 2411 487 2444 laissa
512 2411 639 2443 mourir
663 2409 705 2443 de
734 2409 815 2443 fairn
843 2412 863 2443 a
888 2411 982 2454 l'age
1019 2410 1062 2443 de
1092 2410 1160 2445 104
1184 2421 1256 2444 ans.
1307 2410 1342 2444 Si
1371 2410 1441 2443 l'on
1468 2411 1560 2443 avait

95 2455 247 2498 quelque
272 2457 378 2490 chose
404 2455 557 2491 d’assure
580 2456 743 2490 touchant
757 2458 848 2499 l'age
865 2458 1134 2500 ffAnaxagoras,
1159 2468 1203 2490 on
1222 2459 1427 2490 connaitrait
1446 2458 1560 2490 mieux

95 2499 132 2534 la
157 2501 382 2550 chronologia
407 2504 450 2539 de
476 2504 691 2540 Democrite:
728 2513 786 2537 car
811 2514 852 2538 ce
879 2504 1017 2538 dernier
1040 2514 1159 2538 assure
1195 2504 1279 2537 dans
1304 2504 1491 2549 quelqu'un
1517 2504 1560 2536 de

96 2560 152 2584 ses
181 2561 376 2597 ouvrages,
416 2554 499 2598 qu'il
536 2555 617 2587 etait
642 2553 684 2586 de
710 2551 756 2587 40
781 2563 843 2586 ans
869 2554 946 2597 plus
969 2553 1077 2595 jeune
1106 2555 1162 2597 qu'
1191 2557 1423 2597 Anaxagoras.
1476 2552 1560 2586 Mais

95 2606 139 2629 on
164 2608 210 2631 ne
234 2604 356 2634 trouve
392 2611 460 2645 que
485 2601 642 2634 discorde
679 2605 774 2632 entre
810 2599 862 2633 les
899 2606 1038 2633 auteurs
1075 2602 1133 2644 qui
1170 2606 1351 2644 marquent
1387 2601 1438 2632 les
1473 2605 1559 2632 tems

96 2643 362 2691 d’Anaxagoras.
414 2648 442 2681 ll
469 2649 561 2682 avait
587 2649 633 2683 32
657 2658 729 2688 ans,
759 2647 888 2688 dit-on,
915 2648 1031 2692 quand
1052 2648 1182 2681 Xerxes
1209 2658 1386 2691 passa-en
1403 2647 1560 2689 Europe:

95 2691 121 2724 il
153 2695 256 2728 vecu't
277 2696 321 2729 72
345 2706 430 2736 ans,
473 2702 507 2729 et
530 2696 554 2729 il
580 2701 714 2730 mourut
740 2694 773 2727 la
798 2696 970 2737 premiere
998 2697 1110 2729 annee
1135 2696 1177 2729 de
1206 2695 1239 2729 la
1269 2696 1324 2730 78.
1351 2693 1559 2737 olympiade.

93 2737 135 2772 Je
158 2739 263 2775 laisse
288 2741 459 2787 plusieurs
489 2748 603 2777 autres
627 2741 869 2783 brouilleries‚
907 2744 966 2788 qui
992 2753 1037 2775 ne
1077 2748 1155 2775 sont
1189 2753 1251 2786 pas
1280 2742 1357 2785 plus
1398 2742 1511 2772 aisees
1540 2741 1562 2773 a

93 2786 329 2835 demelerque
357 2791 520 2825 celles-ci
586 2791 638 2825 On
667 2795 749 2834 peut
773 2800 912 2824 assui-er
936 2791 1140 2831 hardiment‚
1167 2790 1323 2834 qu’Elicn
1344 2789 1427 2821 s'est
1452 2788 1563 2822 abiise

93 2844 136 2867 en
165 2844 379 2882 supposant‚
408 2850 476 2883 que
502 2839 701 2872 Democrite
726 2848 763 2870 se
791 2847 916 2882 moqua
944 2839 1023 2871 bien
1051 2838 1279 2871 d’Alexandre
1305 2847 1362 2869 sur
1392 2836 1562 2880 l’inquie-

94 2882 186 2927 tude,
225 2887 273 2919 οὺ
300 2888 383 2921 etait
418 2897 459 2920 ce
487 2888 606 2931 prince
631 2897 692 2931 par
719 2885 751 2918 la
791 2885 1052 2920 consideration
1081 2884 1168 2929 qu'il
1196 2885 1323 2918 u'avait
1349 2893 1409 2927 pas
1436 2894 1563 2918 encore
