1871 3204
713 154 774 165 -ν
845 126 1043 177 59-.....

162 259 245 302 403
269 259 316 310 *J
344 258 524 311 obiisse3
568 258 752 300 nimirum
793 256 1081 312 Pythodormn,
1119 259 1331 309 antequam
1360 254 1402 294 in
1432 252 1627 305 quadrin-

159 337 375 385 gentorum
406 337 585 373 senatum
615 332 831 386 legeretur,
862 331 1078 383 sophistam
1117 342 1228 370 reum
1260 328 1410 369 fecisse
1437 325 1626 368 arbitror.

166 403 282 454 Quod
300 406 356 447 si·
374 405 428 446 ita
461 417 507 447 se
536 404 672 457 habet,
701 403 805 446 fides
834 402 1071 445 conciliatur
1088 400 1330 444 Philochoro
1360 397 1487 453 (apud
1504 397 1625 452 Πίος.

162 476 293 519 Laert.
324 476 392 517 lib.
420 476 490 517 lx.
525 476 704 526 §.5532
736 476 949 521 Πλέοντος
979 472 1112 513 αὐτοῦ’
1139 470 1389 521 &sandow
1415 470 1489 526 τὴν
1519 470 1628 513 ναῦν

166 548 575 601 καταποντισθῆναι,
619 546 690 587 καί
730 547 853 587 τοῦτο
893 543 1154 585 αἰνίττεσθαι
1200 544 1435 597 Εὐριπίδην
1477 545 1523 585 ἐν
1565 541 1628 600 τῷ

160 618 329 671 Ἰξίονι,
374 631 452 660 nec
482 620 738 672 cogitandum
771 618 822 657 de
851 615 1158 669 interpolatione
1188 616 1426 669 Euripideae
1455 621 1626 670 tragoea·

167 690 297 735 diae.“
353 690 449 731 Cum
480 688 708 740 hominem,
738 688 806 742 qui
833 688 1212 742 quadringentorum
1241 687 1396 741 imperii
1424 687 1627 739 particeps

166 762 325 812 fuerat,
366 762 615 815 posteriores
655 762 874 814 scriptores
905 762 1022 802 etiam
1062 760 1114 804 de
1142 760 1262 805 rebus
1292 762 1382 802 sive
1410 763 1504 803 ante
1535 760 1627 800 sivo

165 840 256 887 post
284 846 427 875 annum
458 832 553 875 411.
585 834 635 878 ab
657 835 735 875 illo
764 835 892 889 gestis
921 834 1101 875 dieentes
1133 833 1213 875 hoe
1246 834 1407 875 nomine
1449 844 1624 874 accura-

162 908 240 950 tius
271 907 500 960 significare
527 907 754 959 potuerint,
787 918 840 947 ex
868 907 1062 960 Diogenis
1093 904 1372 961 Κατηγόρησε
1407 905 1454 945 δὲ
1483 902 1621 944 auito&

165 976 438 1032 Πυᾷόὸωρος
465 976 718 1032 Πολυζήλου
749 972 809 1027 εἷς
839 980 924 1021 τῶν
951 978 1234 1031 τετρακοσίων
1275 977 1374 1029 ipsis
1416 976 1622 1027 imperari..

165 1047 285 1096 tibus>
301 1050 602 1103 quadringentis
633 1050 892 1103 Protagoram
923 1040 1153 1093 accusatum
1191 1060 1284 1089 esse
1316 1058 1400 1090 non
1430 1046 1626 1098 consequi

165 1126 326 1178 praeter
371 1123 471 1166 alios
512 1125 590 1164 iam
620 1135 643 1165 a
687 1124 840 1165 Geistio
880 1135 973 1177 pag.
1005 1122 1046 1165 9.
1087 1120 1280 1163 monitum
1324 1124 1410 1161 est:
1454 1123 1497 1160 ut
1535 1130 1626 1160 cum

165 1192 386 1238 Freretoin
402 1196 595 1250 Diogenis
614 1198 739 1238 verba
759 1209 848 1237 eam
864 1196 1014 1236 inferre
1036 1195 1289 1245 sententiam,
1309 1205 1412 1246 quae
1428 1195 1626 1245 iuterpre-

164 1267 314 1307 tatione
329 1268 596 1309 Ambrosiana
618 1279 810 1320 expressa
831 1272 905 1319 est,
927 1279 1008 1308 non
1028 1266 1152 1307 licere
1170 1267 1400 1320 planissime
1420 1268 1623 1318 appareat.

168 1339 300 1392 Atque
340 1339 394 1378 ita
422 1343 583 1390 praeter
612 1339 713 1379 alios
748 1339 1141 1384 Schleiermacherus
1182 1351 1340 1393 quoque
1371 1338 1520 1379 Platon.
1552 1337 1626 1378 ln-

165 1414 327 1463 terpret.
358 1402 489 1451 Germ.
530 1410 593 1451 ed.
624 1410 673 1450 11.
719 1414 813 1451 tom.
843 1410 872 1451 1.
909 1422 1000 1464 pag.
1032 1413 1124 1455 221.
1155 1416 1195 1451 et
1225 1410 1458 1453 Siebelisius
1487 1408 1626 1451 Philo..

167 1482 280 1522 chori
310 1482 624 1535 fragmentorum
653 1484 842 1526 editionis
873 1496 964 1537 pag.
996 1485 1064 1529 89.
1096 1484 1177 1524 hoe
1206 1484 1399 1537 Diogenis
1430 1482 1523 1522 loco
1560 1486 1628 1523 te-

166 1553 314 1592 merius
355 1553 418 1595 usi
461 1564 554 1594 esse
586 1553 783 1597 videntur.
842 1555 957 1605 Quod
998 1567 1096 1595 vero
1127 1555 1301 1596 Geistius
1344 1555 1490 1597 eodem
1531 1553 1627 1594 loco

168 1625 425 1668 nibilominus
450 1614 576 1679 ipsum
604 1626 699 1669 411.
729 1621 866 1671 mortis
897 1641 1042 1669 annum
1073 1630 1239 1680 statuit,
1264 1629 1354 1682 quia
1383 1632 1475 1682 post
1505 1637 1629 1668 ever-

169 1697 666 1751 sam÷quadringentorum
698 1699 1028 1752 dominationem,
1060 1712 1177 1753 quum
1202 1701 1424 1753 aliicapitis
1440 1699 1632 1752 damnati,

171 1770 238 1812 alii
267 1771 400 1811 Attica
430 1771 606 1823 expulsi,
638 1771 703 1812 alii
733 1768 872 1824 ἄτιμοι
904 1773 999 1815 sacti
1029 1776 1125 1825 sint,
1155 1774 1283 1815 nullus
1313 1786 1451 1815 eorum
1483 1784 1629 1814 causa-s

169 1852 294 1895 agere
321 1842 499 1894 potuisse
526 1842 707 1883 videatur
717 1856 733 1893 7
757 1845 825 1901 sin·
851 1849 982 1892 autem
1013 1846 1274 1898 Protagoram
1301 1851 1393 1885 ante
1422 1846 1628 1897 imperium

169 1913 547 1967 quadringentorum
579 1916 729 1956 obiisse
759 1927 954 1967 ponamus
973 1947 984 1968 ,
1027 1918 1143 1957 novis
1176 1917 1424 1969 implicemur
1454 1916 1629 1961 difficul-

171 1988 347 2037 tatibus,
389 1997 507 2038 quum
545 1985 687 2025 natalis
725 1986 810 2028 eius
854 1998 981 2028 annus
1021 1988 1138 2032 nimis
1180 1988 1300 2040 longe
1339 1987 1532 2028 recedat:
1577 1998 1627 2028 ea

169 2062 313 2115 partim
342 2059 442 2100 falsa
471 2064 561 2100 sunt
578 2060 717 2111 partim
734 2071 844 2100 vera.
875 2060 989 2113 Quod
1008 2060 1127 2112 enim,
1157 2062 1369 2114 quominus
1400 2065 1492 2101 ante
1524 2071 1629 2113 qua-

172 2133 475 2187 dringentorum
505 2131 708 2184 imperium
729 2130 945 2184 sophistam
963 2137 1159 2177 mortuum
1175 2137 1409 2183 statuamuS,
1438 2131 1631 2186 gravibus

168 2218 245 2248 nos
272 2205 453 2258 impediri
482 2206 724 2257 argumentis
755 2206 823 2255 ait,
854 2206 896 2247 id
926 2219 1062 2250 verum
1092 2219 1183 2248 esse
1211 2207 1331 2247 modo
1349 2208 1424 2259 ipsi
1448 2206 1630 2250 vidimus,

169 2278 251 2325 Sed
281 2276 387 2320 haud
410 2277 468 2317 ita
497 2286 647 2330 paucos
680 2287 732 2321 ex
763 2276 1146 2333 quadringentorum
1174 2291 1341 2323 numero
1364 2284 1456 2334 post
1486 2291 1632 2322 annum

168 2353 268 2396 411..
308 2349 481 2411 Athenis⁴
506 2354 687 2390 versatos
725 2361 817 2390 esse
862 2356 902 2392 et
945 2353 1011 2395 vel
1054 2354 1227 2394 civitatis
1271 2355 1358 2397 iura
1400 2356 1633 2396 exercuisse

173 2429 214 2476 §-
235 2425 273 2465 5.
306 2423 615 2466 demonstratum
645 2427 716 2464 est.
775 2422 893 2476 Quod
924 2437 1014 2467 cum
1044 2430 1083 2467 et
1113 2426 1304 2472 Geistium
1337 2432 1378 2468 et
1408 2427 1631 2469 Herbstium

173 2496 476 2552 Kayserumque
505 2496 689 2550 sugeret,
718 2507 768 2536 ne
798 2496 838 2536 in
878 2508 929 2539 eo
961 2500 1152 2552 temporis
1181 2501 1334 2552 spatio,
1380 2500 1487 2554 quod
1517 2500 1632 2539 annis

173 2570 271 2610 411.
298 2573 337 2609 et
365 2569 461 2609 404.
506 2576 618 2619 (nam
655 2569 879 2611 Herbstium
921 2572 1191 2625 negligentius
1222 2573 1316 2613 412.
1364 2577 1403 2613 et
1433 2571 1526 2614 403.
1567 2572 1633 2610 di-

175 2643 287 2685 xisse
317 2654 424 2682 nune
468 2646 609 2693 taceo)
644 2642 856 2691 definitur,
900 2642 1161 2699 Protagoram
1196 2650 1391 2687 mortuum
1423 2648 1632 2699 ponerent,

262 2770 300 2815 f)
330 2768 405 2802 Non
433 2779 523 2803 anno
547 2770 629 2806 403.
658 2771 718 2805 sed
742 2771 822 2808 400.
850 2780 893 2804 ex
920 2771 1071 2806 llerbstii
1099 2774 1231 2808 ratione
1255 2774 1455 2816 Protagoras
1480 2777 1635 2806 mortuus

174 2819 247 2855 est3
272 2815 340 2851 vid.
369 2816 394 2862 §.
422 2817 453 2851 5,
505 2816 600 2852 idem
635 2829 729 2855 error
768 2818 906 2864 irrepsit
934 2818 971 2854 iu
1008 2819 1129 2855 Ocellii
1170 2820 1410 2855 Onomasticou
1441 2817 1634 2855 Tullianum

160 2874 201 2903 ε.
230 2873 264 2898 v.
295 2863 512 2910 Protagoras.
570 2881 573 2885 ·
