1871 3204
782 139 1138 188 *132⁹

240 263 339 316 ηιῖς
368 264 575 321 γάρτίς
597 277 689 315 μιν
717 263 859 316 ὁρῶν
886 262 950 304 τοὶ
980 259 1185 304 Scauro&
1218 265 1421 305 πένθεα
1449 267 1689 321 ἒρρωμὲ.

238 356 343 389 νως
371 341 617 394 φέροντα
645 331 1035 394 μεγᾰλόφρονά
1064 351 1123 378 τε
1159 338 1246 378 καί
1272 335 1543 392 ἀνδρεῖον
1571 339 1686 386 ἐ-δό-

241 427 326 452 κει
355 405 496 450 εἶναι
524 408 627 465 καί·
649 404 858 449 ἑωυτοῦ
888 405 1168 462 κρείσσω,
1206 405 1370 463 κάρτα
1396 406 1688 464 εἰδώς-τήν

238 477 454 523 ἑωυτοῦ
482 481 541 522 ἐν
567 480 835 521 τοιοῖσδε
862 477 1145 534 πράγμασι
1173 473 1505 536 ἀμηχανίην.

356 570 540 611 Ceterum
570 567 649 611 hoc
677 569 939 624 fragmentum
962 581 985 611 a
1002 568 1209 611 Plutarcho
1227 580 1309 609 non
1329 580 1381 616 ex
1395 569 1481 622 ipso
1493 567 1689 623 Protago-

237 653 308 682 rae
324 641 425 683 libro
458 643 703 695 desumptum
718 653 810 683 esse
834 642 913 683 sed
933 654 1004 695 per
1014 641 1244 684 Crantorem
1264 641 1319 682 illi
1337 642 1558 683 innotuisse
1577 645 1686 695 putat

239 714 490 757 Hermannus
518 727 611 769 pag.
633 716 729 757 381.
786 713 1040 757 Matthiaeum
1071 713 1240 756 laudans
1261 711 1508 760 vermischte
1534 713 1691 758 Schrif—

241 790 309 828 ten
341 800 432 842 pag.
464 789 548 829 5οε
578 788 644 829 cui
671 800 753 829 non
784 792 846 829 est
872 787 979 840 quod
1009 791 1150 828 contra
1179 787 1322 828 dicam.
1676 780 1680 786 ’

926 908 992 951 v1.

711 1014 848 1085 Περὶ.
884 1014 1228 1085 wormius»

342 1132 461 1187 Diog.
490 1128 620 1175 Laert.
650 1133 716 1174 lib.
748 1120 888 1183 IX.'§.
914 1134 980 1174 55.
1038 1133 1158 1176 Liber
1183 1130 1341 1177 aliunde
1374 1118 1548 1188 ignotus.

627 1355 677 1402 C.
745 1357 987 1421 Scripta
1015 1357 1282 1420 'politicas

921 1490 1003 1531 Vll.

749 1596 869 1667 Περὶ
902 1593 1167 1666 πρλιτᾷείᾳς.
1194 1653 1196 1655 ¹

348 1723 470 1781 Diog.
501 1722 629 1767 Laert.
662 1724 728 1767 lib.
755 1726 822 1768 IX.
857 1733 894 1778 §.
925 1726 991 1769 55.
1049 1727 1173 1769 Huius
1200 1726 1291 1768 libri
1319 1729 1560 1782 praestantia
1598 1729 1687 1770 sor-

236 1800 345 1840 tasse
375 1811 496 1841 causa
524 1800 624 1851 suit,
664 1804 707 1840 ut
734 1795 981 1854 Protagorae
1009 1800 1270 1859 Thurinorum
1300 1800 1413 1855 leges
1452 1801 1688 1844 scribendas

232 1871 406 1913 Pericles
433 1872 659 1913 mandaret:
691 1872 769 1914 vid.
800 1885 892 1926 pag.
914 1872 981 1914 65.
1040 1874 1157 1921 Quod
1185 1874 1220 1914 si
1245 1874 1300 1914 ita
1327 1886 1372 1914 se
1401 1874 1562 1926 habeat,
1593 1878 1686 1914 ante

233 1955 378 1985 annum
395 1945 489 1985 445.
519 1946 761 1998 compositus
791 1945 923 1986 fuerit.
961 1945 1042 1987 Sed
1071 1947 1171 1986 certi
1203 1946 1253 1986 de
1279 1946 1356 1987 hac
1385 1956 1430 1986 re
1458 1946 1554 1986 nihil
1584 1958 1689 1988 con-—

229 2017 377 2058 firmari
416 2021 559 2070 potest.
619 2018 803 2058 Ceterum
847 2029 900 2058 ex
937 2017 1183 2071 Protagorae
1214 2018 1352 2059 Politia
1381 2018 1490 2059 Plato
1531 2020 1683 2072 sapisse

226 2090 383 2132 videtur
411 2102 524 2132 suam
555 2090 845 2149 conscribens:
875 2089 956 2131 vid.
987 2089 1037 2131 X.
1066 2090 1330 2143 Ἀντιλογιῶν
1359 2086 1449 2135 δύο.

280 2157 298 2176 0

906 2208 1007 2253 VIII.

507 2314 629 2382 Περὶ
662 2319 744 2370 τῆς
777 2317 828 2363 ἑν
865 2311 997 2381 α’ρχῇ
1014 2295 1396 2369 'navorum-olosma
1416 2376 1424 2379 .-

342 2434 461 2475 Cuius
501 2435 773 2488 inscriptionis
803 2445 826 2475 a
852 2434 1010 2475 Laertio
1049 2438 1198 2476 tantum
1226 2434 1294 2476 lib.
1325 2433 1392 2475 IX.
1427 2439 1464 2486 ς.
1494 2434 1560 2476 55.
1588 2445 1683 2476 ser·-

231 2507 354 2548 vatae
397 2509 630 2548 sententiam
678 2508 745 2548 alii
790 2507 905 2547 aliter
946 2507 1213 2559 explicavere.
1284 2506 1415 2559 Atque
1458 2506 1684 2548 Herbstium

230 2585 354 2631 certe,
386 2579 453 2632 qui
481 2590 573 2632 pag.
604 2581 695 2624 148.
728 2579 1045 2621 Wernsdorfium
1078 2581 1236 2629 (annot.
1267 2578 1319 2619 ad
1347 2578 1450 2624 Hirn.
1480 2580 1549 2621 Or.
1581 2579 1687 2620 XXI.

233 2656 270 2701 ς.
288 2653 376 2703 10.)
393 2655 557 2693 secutus
574 2650 728 2703 „Ueber
746 2652 810 2692 die
826 2652 1131 2705 ursprfingliche
1149 2649 1554 2701 Beschaffenheitder
1563 2650 1692 2692 Wew

229 2724 514 2778 interpretatus
554 2727 642 2774 est,
684 2736 843 2766 errasse
888 2724 1070 2768 arbitror.
1127 2723 1224 2765 Nam
1256 2724 1343 2776 ipso
1374 2724 1547 2765 Platonis
1575 2723 1684 2773 loco,

231 2807 347 2851 quem
377 2808 428 2837 ex
457 2794 537 2838 hoc
564 2794 669 2837 libro
699 2795 877 2839 haustum
908 2797 986 2850 ait,
1028 2808 1167 2838 verum
1198 2796 1363 2839 edoceri
1401 2788 1569 2850 poterat.
1603 2795 1688 2838 Re-

230 2871 332 2911 ctius
360 2874 453 2922 puto
481 2870 610 2911 sensit
639 2868 822 2921 Coelius,
862 2870 928 2921 qui
956 2881 1008 2910 ex
1037 2869 1201 2922 politico
1229 2881 1382 2923 genere
1416 2867 1556 2910 librum
1588 2869 1684 2911 dicit
