1871 3204
876 142 1203 190 ..84-

306 270 439 312 Turio.
469 271 610 311 anatos
640 268 827 318 (Theaet.
848 279 941 321 pag.
963 269 1059 309 1209.
1075 269 1120 318 E,
1148 267 1260 320 Reip.
1278 267 1457 309 imvm.
1485 258 1576 323 pag.¹
1598 266 1692 309 567.
1710 267 1765 318 Ε)

308 341 440 384 Ma'tth.
474 341 542 382 Gr.
574 340 641 381 Gr.
673 344 711 389 §.
743 339 840 381 430.
870 340 895 380 b
926 344 989 392 n),
1018 339 1152 393 Viger.
1185 339 1250 384 ed.
1281 339 1417 380 Herm.
1447 352 1538 394 pag.
1573 340 1667 382 157.

432 413 541 454 Idem
585 413 665 454 aiio
707 413 892 465 exemplo
938 413 1128 454 Socrates
1171 413 1423 466 persequitur
1462 413 1557 454 Plat.
1603 414 1765 454 Theaet.

309 499 399 541 pag.
434 487 524 528 159.
550 486 609 527 C:
668 485 757 529 ΣΩ.
796 482 922 527 ‘'Orav
953 485 1003 539 δὴ
1033 480 1141 526 οἶνον
1166 487 1273 527 πίνω
1303 483 1529 540 ὑγιαίνων,
1556 483 1666 539 ’ἡδύς
1695 501 1770 538 μοι

306 561 501 613 φαίνεται
531 556 604 599 καί
629 556 810 611 γλυκύς,·
841 558 1000 600 ΘΕΑΙ.
1034 556 1135 601 Ναί.
1179 556 1266 598 ΣΩ.
1293 557 1503 611 Ἐγέννησε
1530 556 1609 611 γὰρ
1641 555 1692 611 δὴ
1723 559 1770 598 ἐκ

303 633 385 673 τῶν
415 632 829 686 προωμολογημένων
857 630 903 671 τό
937 644 982 670 τε
1012 630 1161 671 ποιοῦν
1185 628 1258 670 καί
1273 619 1320 671 τό
1353 627 1518 682 πάσχον
1533 627 1772 684 γλυκύτητά

303 717 348 744 τε
378 704 452 744 καί
479 700 684 757 αἴσθησιν
715 699 804 754 ἅμα
835 701 1050 757 φερόμενα
1077 701 1320 756 ἀμφότερα,
1350 699 1423 742 καί
1449 698 1475 755 ἦ
1508 700 1587 752 μὲν
1615 697 1771 756 αἴσθη-

303 790 371 823 σις
413 772 517 829 πρὸς
557 775 637 815 τοῦ
676 773 914 827 πάσχοντος
958 769 1067 815 οὖσα
1105 774 1414 828 αἰσθανομένην
1458 771 1536 826 τήν
1571 773 1769 827 γλῶσσαν

302 844 615 899 α’πέιργάσατο,
656 844 682 899 ἧ
717 845 764 885 δὲ
789 843 997 899 γλυκύτης
1025 843 1131 899 πρὸς
1158 847 1234 887 τοῦ
1260 843 1374 888 οἴνου
1397 837 1501 899 ’περὶ
1525 842 1659 886 αὐτὸν
1688 860 1766 900 φε-

305 918 462 972 ρομένη
492 914 650 970 γλυκύν
680 913 754 958 τόν
783 911 894 956 οἶνον
923 918 975 971 τῇ
1012 916 1259 972 ὑγιαινούσῃ
1298 915 1456 972 γλώττῃ
1499 918 1669 970 ἐποίησε
1696 917 1772 958 καί

301 985 409 1029 εἶναι
438 987 512 1028 καί
539 990 785 1043 φαίνεσθαι.
814 1013 867 1020 -
904 986 961 1029 Τὸ
993 986 1157 1041 πάσχον
1199 993 1260 1028 est
1291 987 1424 1042 lingua
1454 989 1633 1030 Socratis
1664 989 1768 1040 sani,

302 1065 345 1102 ut
377 1061 586 1114 superiore
623 1061 806 1113 exemplo
838 1064 924 1100 erat
952 1059 1117 1109 oculus3
1154 1059 1200 1100 τὸ
1233 1061 1380 1100 ποιοῦν
1408 1072 1508 1101 vero
1553 1064 1616 1101 est
1644 1057 1690 1102 τό
1718 1060 1769 1116 τῇ

300 1132 466 1190 γλώττῃ
501 1131 767 1186 ξύμμετρον,
812 1132 900 1173 talis
935 1132 1125 1173 motionis
1161 1132 1318 1181 forma,
1361 1143 1464 1186 quae
1504 1144 1593 1174 cum
1629 1133 1766 1184 lingua

300 1206 481 1247 Socratis
512 1206 600 1246 sani
628 1202 867 1259 γλυκυτητα
895 1206 1066 1259 gignere
1095 1207 1232 1258 possit.
1274 1205 1362 1246 Vid.
1386 1206 1505 1246 etiam
1536 1216 1640 1258 quae
1667 1216 1768 1258 pro-

298 1279 407 1319 xime
436 1281 655 1331 sequuntur
685 1288 778 1332 pag.
806 1278 898 1322 159.
930 1277 977 1329 D,
1009 1276 1053 1322 E

974 1404 1013 1451 §.
1048 1399 1086 1441 3.

412 1513 462 1553 Ut
491 1512 648 1553 oculum
680 1512 883 1552 videntem
914 1516 955 1551 et
982 1523 1069 1552 rem
1099 1511 1448 1564 albam‚'linguam
1476 1508 1694 1564 sapientem
1726 1516 1767 1552 et

299 1584 435 1624 vinum
467 1595 592 1624 suave
623 1583 719 1624 oriri
753 1582 1014 1635 ostendimus,
1044 1584 1103 1624 sic
1132 1585 1240 1624 auris
1269 1583 1436 1625 audiens
1452 1585 1629 1638 gignitur
1646 1585 1764 1625 simui

302 1655 391 1697 cum
421 1669 466 1697 re
496 1657 657 1708 audita,
698 1654 894 1708 cupiditas
927 1656 1042 1696 simul
1085 1668 1172 1695 cum
1210 1668 1254 1695 re
1294 1658 1438 1713 cupita.
1494 1657 1633 1708 Neque
1662 1656 1764 1697 ulius

301 1722 446 1768 sensus
488 1739 561 1780 per
601 1738 647 1767 se
688 1731 776 1779 est,
816 1727 890 1767 sed
932 1726 974 1767 fit
1016 1726 1172 1768 demum
1214 1739 1302 1768 cum
1341 1739 1387 1768 re
1418 1727 1623 1781 sensibili,
1663 1740 1766 1782 quae

302 1802 411 1841 illum
446 1802 484 1840 vi
511 1812 584 1840 sua
617 1799 774 1847 affecit3
805 1811 936 1851 neque
965 1800 1043 1839 ulla
1073 1811 1140 1839 res
1169 1800 1371 1840 sensibilis
1398 1800 1486 1840 fieri
1513 1805 1647 1853 potest
1675 1802 1763 1842 sine

301 1884 425 1914 sensu
459 1876 648 1926 cognato.
706 1870 809 1913 Nihil
841 1872 945 1913 enim
973 1872 1053 1913 vim
1080 1870 1230 1913 habere
1259 1877 1414 1926 potest,
1453 1873 1530 1914 nisi
1571 1874 1623 1915 sit
1653 1859 1768 1927 'quod

301 1948 381 1987 vim
410 1947 606 1999 patiatur3
647 1957 777 1997 neque
819 1946 1030 1997 quidquam
1061 1946 1138 1985 vim
1174 1947 1255 1997 pati
1283 1950 1442 1998 potest,
1484 1946 1563 1987 nisi
1589 1958 1658 1988 res
1687 1946 1766 1987 alia

302 2020 380 2059 vim
411 2029 608 2058 exercens
637 2017 754 2058 adsit.
811 2016 916 2058 Nihil
946 2028 1047 2073 ergo
1077 2021 1138 2058 est
1161 2018 1358 2070 absolute,
1390 2018 1463 2059 sed
1493 2020 1765 2061 tantummodo

304 2096 500 2144 quatenus
534 2102 623 2131 cum
653 2090 731 2130 alia
761 2101 806 2130 re
837 2101 1098 2142 congressum
1130 2091 1207 2129 vim
1238 2089 1408 2142 aliquam
1439 2095 1506 2130 aut
1532 2090 1680 2131 habeat
1700 2095 1767 2132 aut

302 2165 487 2218 patiatur.
547 2162 689 2203 Omnia
720 2165 813 2203 sunt
849 2162 1011 2203 nonnisi
1050 2159 1163 2210 τινός
1205 2162 1270 2203 vel
1299 2163 1383 2204 τινί
1419 2162 1484 2203 vel
1524 2161 1630 2217 πρός
1670 2179 1765 2206 τινα

305 2239 392 2277 sive
427 2235 531 2290 πρός
559 2251 625 2287 τι,
664 2235 703 2275 h
736 2246 772 2275 e.
801 2246 881 2275 una
911 2246 1092 2288 quaeque
1124 2246 1190 2276 res
1219 2234 1270 2276 ad
1301 2235 1417 2276 aliam
1445 2239 1508 2276 est
1534 2235 1764 2278 referenda.

305 2309 360 2349 lta
384 2309 600 2350 Socrates:

418 2396 500 2436 vll.
550 2391 673 2437 Ὥστε
703 2391 783 2436 εἴτε
815 2409 880 2442 τις
907 2388 1018 2435 εἶναι’
1044 2392 1321 2447 τιμόνομάζει,
1355 2392 1441 2436 τινί
1468 2390 1574 2436 εἶναι
1602 2390 1631 2450 ἢ
1658 2393 1770 2445 τινος

309 2462 338 2520 ἦ
362 2465 466 2520 πρός
490 2483 530 2508 τι
560 2466 706 2523 ῥητέον
734 2467 862 2523 αιῖτῷ,
894 2464 979 2508 εἴτε
997 2465 1230 2519 γίγνεσθαι,
1258 2468 1487 2520 γίγνεσθαι
1510 2467 1559 2518 *J
1588 2463 1689 2509 αὐτὸ
1720 2466 1767 2509 δὲ

310 2539 382 2605 ἐφ’
412 2534 543 2578 αυτοῦ
571 2554 611 2578 τι
637 2525 664 2594 ἦ
696 2532 743 2580 ὂν
774 2531 802 2592 ἧ
831 2536 1073 2592 γιγνόμενον
1101 2552 1199 2579 ουτε
1220 2534 1336 2594 αὐτῷ
1350 2538 1512 2580 λεκτέον
1530 2534 1621 2580 ουτ’
1636 2533 1767 2581 αλλου

307 2613 495 2664 λέγοντος
526 2609 783 2652 ἀποδεκτέον.

305 2699 468 2739 Theaet.
516 2709 610 2751 pag.
643 2698 736 2740 160.
776 2700 819 2740 Β.
861 2724 911 2733 --
975 2700 1088 2742 Cont'.
1136 2712 1229 2755 pag.
1263 2699 1353 2742 156.
1395 2701 1449 2743 E:
1497 2699 1592 2744 Καὶ
1636 2694 1768 2743 τᾶλλα

302 2868 335 2902 h
341 2867 361 2902 b
387 2873 398 2902 t
399 2821 435 2867 ⁴³)
464 2820 513 2854 Ita
542 2819 729 2865 legendum
758 2831 834 2855 esse
858 2822 1026 2863 arbitror·
1017 2822 1158 2869 vulgo
1185 2792 1387 2874 γὲγγεσθαι
1414 2823 1522 2860 semel
1549 2828 1678 2860 tantum
1706 2836 1769 2861 01-

328 2879 336 2902 1
364 2878 384 2903 e
401 2879 449 2903 ur.
