1871 3204
827 102 1155 155 ...74-

266 230 459 283 servandi
499 230 662 272 Periclis
706 229 826 279 animi
872 229 1098 271 firmitatem
1139 234 1180 269 et
1225 231 1492 273 constantiam
1531 233 1572 273 in
1613 233 1732 274 tantis

272 303 536 349 calamitatum
571 301 887 356 tempestatibus.
917 301 1078 344 Periclis
1109 301 1227 343 favor
1254 301 1462 355 plurimum
1484 305 1663 359 contulit,
1692 310 1734 348 ut

268 376 375 429 apud
417 372 691 417 nobilissimos
734 386 916 429 quosque
956 375 1261 416 Atheniensium
1299 387 1450 417 summa
1490 377 1733 432 Protagoras

270 448 506 491 auctoritate
535 445 702 498 valeret,
734 456 954 498 eorumque
983 456 1058 486 usu
1087 444 1310 486 domestico
1340 445 1563 487 frueretur·
1596 449 1635 488 in
1648 448 1734 489 Eu-

266 520 406 582 ripidis
436 520 583 579 domo,
611 517 833 561 secundum
862 517 965 559 alios
1000 518 1041 559 in
1067 517 1329 571 Megaclidis,
1360 518 1502 559 librum
1534 504 1733 572 quendam

255 576 379 635 vsuum
412 592 654 634 recitavisse
693 591 759 632 vel
789 590 1037 633 recitandum
1080 601 1247 632 curasse
1287 591 1456 632 traditur
1495 603 1518 632 a
1547 592 1734 647 Diogene

269 665 431 707 Laertio
463 666 531 707 lib.
559 664 627 705 lX.
661 672 700 716 ς.
730 662 797 705 54.

376 737 474 781 lnde
512 736 562 777 ab
593 747 701 777 anno
733 735 828 777 429.
866 747 995 795 usque
1037 736 1089 777 ad
1119 735 1242 789 ipsius
1286 740 1459 777 mortem
1495 735 1594 793 nihil
1634 736 1734 782 certi

265 810 319 852 de
352 810 575 864 Protagora
616 808 798 850 innotuit.
854 806 969 852 Nam
999 808 1108 862 quod
1136 808 1339 863 Kayserus
1379 791 1569 850 editionis
1596 808 1734 856 Philo-

264 887 378 926 strati
399 895 492 936 pag.
514 882 609 923 202.
639 893 727 922 eum
757 882 835 921 iam
854 882 1163 922 senescentem
1152 894 1192 922 in
1205 882 1379 923 Siciliam
1399 881 1621 935 profectum
1639 893 1732 922 esse
1765 914 1769 917 .

262 961 424 1009 narrat,
461 954 540 996 hoc
570 954 760 996 temerius
790 953 856 994 ille
890 954 1054 1008 collegit
1083 965 1137 994 ex
1166 953 1340 995 Platonis
1370 955 1485 1009 Hipp.
1519 953 1610 995 Mai.
1640 965 1732 1008 pag.

265 1031 361 1071 282.
394 1029 456 1070 D:
497 1026 773 1083 Αφικόμενος
802 1026 849 1067 δέ
889 1040 988 1067 ποτε
1018 1026 1078 1074 εἰς
1106 1027 1301 1068 Σικελίαν
1330 1026 1626 1081 Πρωταγόρου
1657 1026 1735 1067 av’.

263 1101 363 1146 τόθι
396 1102 701 1156 ἐπιδημοῦντος
745 1100 818 1140 καί
845 1099 1167 1151 ει’δοκιμοῡ’ντος
1196 1099 1269 1141 καί
1296 1100 1587 1152 πρεσβυτέρου
1618 1092 1735 1148 ὄντος

265 1174 373 1215 πολύ
407 1170 607 1225 νεώτερος
634 1166 693 1211 ὤν
725 1175 766 1211 et
795 1183 832 1224 q.
863 1182 974 1223 seqq.
1036 1171 1153 1219 Quod
1181 1172 1287 1211 enim
1316 1170 1439 1225 longe
1478 1172 1611 1211 iunior
1648 1174 1735 1211 erat

268 1247 433 1301 Hippias
446 1246 666 1298 Protagora
697 1256 784 1285 cum
808 1244 848 1284 in
861 1243 994 1285 Sicilia
1012 1247 1165 1295 essent,
1192 1243 1285 1284 inde
1301 1244 1459 1284 minime
1472 1244 1733 1298 Protagoram

266 1331 408 1361 senem
449 1318 576 1358 fuisse
618 1317 901 1369 consequitur,
945 1327 1032 1356 cum
1066 1316 1230 1368 Hippias
1271 1328 1388 1369 quam
1430 1320 1602 1357 aetatem
1640 1320 1734 1357 tunc

265 1392 397 1447 egerit
426 1402 591 1444 prorsus
627 1391 805 1443 ignotum
840 1390 903 1430 sit.
962 1388 1085 1429 Immo
1100 1388 1261 1442 Hippias
1292 1389 1343 1429 de
1371 1393 1552 1442 tempore
1579 1389 1734 1442 pridem

264 1461 543 1516 praeterlapso
572 1461 743 1514 loquens
772 1460 867 1500 illud
906 1459 1135 1512 significare
1165 1459 1345 1509 videtur,
1383 1472 1463 1512 quo
1492 1461 1735 1514 Protagoras

266 1534 402 1589 legum
431 1531 616 1573 Thurinis
644 1529 947 1570 scribendarum
977 1541 1099 1570 causa
1129 1529 1298 1570 Athenis
1324 1531 1530 1583 profectus
1559 1532 1600 1572 in
1622 1531 1735 1572 ltalia

265 1606 483 1658 Siciliaque
500 1607 682 1644 versatus
700 1605 798 1642 erat.
818 1602 949 1655 Atque
966 1605 1057 1641 sunt
1073 1601 1255 1658 profecto
1273 1601 1482 1655 quaedam,
1503 1603 1644 1655 quibus
1661 1615 1735 1657 per

264 1682 393 1719 totum
410 1676 504 1718 illud
519 1674 710 1729 temporis
727 1674 911 1727 spatium,
928 1673 1035 1726 quod
1047 1672 1209 1714 Periclis
1227 1674 1332 1715 inter
1343 1674 1547 1728 ipsiusque
1563 1680 1731 1717 mortem

267 1751 523 1794 interiectum
541 1753 617 1799 est,
647 1746 908 1800 Protagoram
926 1746 1133 1799 probabile
1150 1745 1192 1787 fit
1205 1745 1375 1788 Athenis
1396 1752 1598 1790 versatum
1625 1749 1732 1790 esse.

270 1823 376 1865 Nihil
394 1823 499 1863 enim
517 1819 768 1862 Athenaeum
797 1815 994 1870 curamuS,
1025 1819 1090 1872 qui
1117 1818 1209 1859 loco
1238 1831 1358 1873 supra
1391 1824 1559 1861 tractato
1593 1821 1735 1875 sophi-

268 1900 371 1939 stam
414 1894 655 1949 olympiadis
694 1893 971 1947 octogesimae
1002 1903 1134 1934 nonae
1163 1904 1269 1933 anno
1301 1893 1428 1946 primo
1458 1906 1629 1948 peregre
1659 1895 1735 1935 ab-

266 1969 393 2011 fuisse
432 1968 528 2010 inde
571 1968 761 2020 coniicit,
807 1965 914 2020 quod
955 1965 1003 2005 ab
1036 1966 1211 2019 Amipsia
1243 1965 1383 2008 Conno
1411 1971 1505 2007 tunc
1534 1967 1655 2009 docta
1695 1969 1735 2008 in

268 2042 532 2098 φροντιστῶν
571 2041 699 2082 choro
740 2051 821 2081 non
858 2043 1113 2080 memoretur.
1170 2039 1269 2081 Nam
1310 2045 1585 2094 argumentum
1625 2042 1738 2082 cuius

273 2115 378 2156 haec
410 2120 472 2155 est
501 2115 645 2165 forma,
672 2119 715 2154 ut
742 2113 823 2154 hoc
852 2112 917 2153 vel
945 2112 1040 2153 illud
1068 2112 1161 2165 quia
1189 2111 1239 2152 ab
1268 2112 1400 2165 aliquo
1434 2116 1614 2153 taceatur
1643 2114 1737 2154 ideo

273 2188 437 2230 omnino
470 2199 551 2229 non
583 2187 708 2230 fuisse
736 2187 800 2228 vel
833 2186 980 2228 factum
1013 2197 1106 2227 esse
1138 2185 1355 2237 efficiatur,
1392 2187 1470 2227 nisi
1499 2189 1735 2229 necessario

268 2261 571 2302 memorandum
601 2261 727 2302 fuisse
757 2272 810 2301 ex
838 2260 962 2313 ipsius
981 2259 1062 2309 loci
1078 2258 1312 2300 conditione
1330 2263 1507 2312 apparet,
1535 2272 1736 2313 nunquam

269 2333 358 2375 fere
386 2346 572 2388 magnam
603 2332 725 2374 habet
750 2330 950 2386 probandi
980 2332 1073 2372 vim.
1132 2330 1304 2373 Nostrae
1347 2335 1478 2372 autem
1510 2333 1736 2375 sententiae

270 2407 464 2447 firmitatis
495 2405 643 2459 aliquid
674 2404 769 2446 inde
800 2404 1021 2456 accrescit,
1055 2402 1163 2457 quod
1195 2403 1442 2457 Protagorae
1471 2403 1512 2443 in
1543 2404 1629 2445 aliis
1658 2417 1738 2447 co-

270 2477 445 2521 moediis
489 2479 597 2519 circa
640 2478 747 2519 idem
791 2482 944 2530 tempus
988 2477 1088 2518 actis
1128 2488 1302 2531 magnae
1344 2480 1436 2517 sunt
1474 2482 1620 2529 parteS.
1692 2479 1737 2520 ln

268 2550 473 2599 NubibuS‚
512 2560 627 2601 quam
654 2548 968 2602 Aristophanem
999 2547 1189 2588 docuisse
1218 2557 1325 2587 anno
1357 2544 1451 2588 424.
1485 2547 1737 2590 Hei-mannus

272 2621 599 2677 demonstravit,
630 2621 876 2676 Protagorae
906 2620 1154 2675 d1sciplinam
1182 2618 1395 2674 perstringi
1424 2612 1739 2674 librossslss'pla..

270 2711 363 2740 num
391 2698 507 2741 fiet.
532 2694 631 2750 Item
662 2693 710 2733 ab
747 2692 943 2746 Eupolide
986 2693 1026 2732 in
1044 2692 1206 2747 primis
1237 2691 1544 2734 Assentatorum
1573 2692 1615 2732 in
1643 2703 1738 2733 sce..

268 2786 364 2838 nam
391 2770 621 2820 inducitur,
652 2779 755 2820 quae
785 2756 918 2809 sabula
950 2766 1070 2813 docta
1104 2770 1166 2806 est
1196 2763 1432 2819 olympiadis
1463 2766 1739 2832 octogesimae

269 2858 404 2891 nonae
432 2856 539 2888 anno
570 2841 704 2885 tertio.
764 2839 879 2882 Circa
907 2840 1002 2882 illud
1041 2840 1170 2894 ipsum
1202 2839 1322 2894 igitur
1354 2843 1508 2894 tempus
1538 2839 1738 2893 Protago-
