1871 3204
814 162 1144 210 ...66-

253 275 422 340 veteres]
445 292 683 345 scriptores:
717 288 907 331 conferas
926 288 1044 331 Diod.
1074 287 1154 330 Sic.
1187 287 1254 330 lib.
1278 286 1366 330 Xll.
1400 298 1489 344 cap.
1518 287 1585 351 xl.
1617 286 1718 341 563.

257 374 299 410 et
326 371 380 419 4,
422 365 506 406 Val.
543 363 649 405 Max.
695 363 762 404 lib.
792 362 857 403 vl.
895 374 985 421 cap.
1012 362 1058 403 V.
1101 365 1182 403 ext.
1212 363 1251 419 §-
1278 361 1331 413 4,
1370 361 1499 402 schel.
1537 363 1590 401 ad
1625 362 1719 418 ῌαε.

255 441 366 493 Reip.
415 437 483 479 lib.
513 435 564 478 X.
593 446 698 490 -pag.
732 421 911 477 599213.
946 432 1329 494 Charondam-jero
1357 445 1446 475 cum
1473 432 1599 475 multo
1627 437 1720 475 ante

255 513 426 553 Thurios
457 510 835 561 conditosvixisse
864 512 1048 555 constet,
1094 509 1181 559 ipse
1224 507 1340 547 vivus
1384 506 1570 561 Thurinis
1606 506 1721 559 leges

253 583 434 626 scribere
467 593 551 624 non
577 580 730 636 potuit,
769 580 843 623 sed
873 579 997 635 longo
1029 579 1221 633 temporis
1250 579 1378 634 spatio
1413 569 1556 633 postea
1591 576 1719 633 leges,

253 668 354 711 quas
383 638 627 697 Chalcidicis
659 654 887 695 civitatibus
916 653 981 694 ille
1013 652 1285 705 condiderat,
1327 665 1349 693 a
1383 651 1569 693 Thurinis
1596 660 1721 692 mce-

250 734 344 785 ptae
377 731 496 771 sunt:
526 727 582 768 ita
615 725 800 781 quidem,
829 730 873 768 ut
900 738 923 768 a
932 726 1175 784 Protagora
1204 725 1516 767 emendarentur
1541 727 1583 766 et
1607 723 1720 767 Thu-

249 802 429 842 rinorum
470 799 595 839 rebus
644 798 891 850 temporibus
939 788 1065 838 indoli
1110 780 1406 850 adaptarentur.
1478 777 1721 838 Lucuienter

250 872 333 914 hoc
363 871 549 925 exposuit
580 868 792 911 Muellerus
821 880 911 923 pag.
940 869 1025 921 44,
1058 869 1129 922 qui
1158 868 1321 911 Periclis
1359 869 1548 923 auspiciis
1577 868 1720 911 Prota-

251 954 426 1000 goram
441 943 521 984 hoc
559 954 726 983 munere
757 941 932 983 functum
973 953 1066 983 esse
1096 953 1187 995 pag.
1219 942 1286 983 51.
1326 942 1431 983 bene
1473 941 1718 983 observavit.

250 1016 427 1076 Pericles
457 1018 569 1057 certe
599 1018 641 1055 et
671 1013 859 1060 coloniae
889 1018 1032 1057 auctor
1058 1013 1267 1058 habendus
1286 1018 1393 1066 est,
1427 1018 1469 1056 et
1484 1018 1581 1069 arta
1607 1023 1719 1075 con-

249 1074 468 1134 suetudine
519 1091 608 1129 erat
655 1098 745 1128 cum
792 1086 973 1140 sophista
1026 1087 1298 1130 coniunctus·
1351 1086 1433 1127 vid.
1481 1085 1576 1128 Plut.
1626 1070 1717 1127 Per.

252 1158 343 1215 cap.
353 1156 1094 1213 ΧΧΧἯΤῒοῐπῑἻῑᾞῊςΥΊἨ.’Κὲ
1103 1153 1188 1199 ²:¹³5
1214 1158 1261 1199 δὲ
1304 1157 1521 1212 μειράκιον
1552 1154 1582 1199 ὃ
1605 1153 1720 1205 Ξάν-

251 1235 411 1280 θιππος
441 1232 514 1273 ἐπὶ
539 1229 677 1287 τούτῳ
704 1233 899 1283 χαλεπῶς
939 1230 1152 1278 ‹icat-ethic
1192 1226 1397 1283 ἐλοιδόρει
1436 1228 1508 1272 τὸν
1544 1231 1720 1284 πατέρα,

250 1308 420 1357 πρῶτον
447 1302 526 1354 μὲν
556 1303 746 1358 ἐκφέρων
774 1302 845 1344 ἐπὶ
869 1303 1018 1355 γέλωτι
1060 1299 1135 1350 τὰς
1178 1299 1283 1344 οἴκοι
1325 1299 1550 1356 διατριβάς
1591 1300 1723 1342 αὐτοῦ

249 1374 325 1416 καί
358 1372 459 1423 τούς
498 1371 648 1428 λόγους
680 1371 918 1424 οθςῗῖἑπσΐὲι
948 1371 1054 1425 μετὰ
1085 1375 1167 1414 τῶν
1196 1374 1426 1428 σοφιστῶν.
1484 1372 1722 1415 πεντάθλου

250 1436 332 1501 γάρ
363 1459 476 1495 τινος
507 1444 682 1502 α’κοντίῳ
712 1444 969 1497 πατάξαντος
993 1434 1205 1497 Ἐπ’ίτιμον
1230 1443 1299 1487 τὸν
1321 1441 1564 1500 Φαρσάλιον
1597 1444 1723 1486 ἄκου-

251 1519 355 1566 σι’ως
386 1519 458 1557 καὶ
487 1518 852 1569 κατακτείναντος,
881 1517 1042 1571 ἡμέραν
1072 1512 1171 1572 ὅλην
1205 1505 1422 1558 &vamum
1450 1514 1556 1570 μετὰ
1587 1519 1723 1570 Πρω-

84 1633 100 1649 f
136 1599 142 1603 ’
238 1583 435 1646 λ,τήικκχζέρου
475 1589 792 1643 διαποροῦντα,
834 1587 1011 1645 πότερον
1049 1587 1097 1630 τὸ
1138 1587 1330 1631 α’κόντιον
1371 1584 1401 1643 ἢ
1435 1588 1504 1631 τὸν
1542 1588 1721 1642 βαλόντα

250 1663 414 1715 μᾶλλον
444 1656 475 1715 ἦ
503 1658 602 1709 τούς
631 1660 902 1714 ἀγωνοθέτας
929 1659 1032 1702 κατὰ
1067 1659 1140 1702 τὸν
1170 1659 1402 1715 ὀρθότατον
1423 1662 1544 1715 λόγον
1561 1662 1724 1716 αἰτίους

251 1731 336 1787 χρὴ
372 1734 449 1773 τοῦ
481 1731 648 1780 πάθους
680 1731 892 1787 ἡγεῖσθαι.
953 1724 1359 1787 Schillerus‘quidem
1388 1745 1479 1789 pag.
1509 1732 1578 1775 49.
1620 1733 1722 1775 Pro-

254 1809 440 1859 tagoram
469 1804 653 1845 Thurinis
682 1793 797 1859 leges
825 1805 1036 1858 scripsisse
1065 1806 1159 1847 ideo
1189 1806 1230 1846 in
1261 1805 1420 1847 dubium
1451 1810 1583 1858 vocat,
1612 1800 1728 1860 quod

259 1881 301 1917 et
325 1876 518 1930 graviore
550 1880 653 1917 teste
681 1888 887 1930 egeamus,
916 1880 957 1917 et
984 1876 1203 1918 secundum
1220 1877 1433 1932 Bergkium
1452 1881 1722 1919 commentatt.

256 1948 308 1989 de
334 1947 515 2001 reliquiis
546 1958 651 1988 com.
680 1947 804 1988 Attic.
837 1947 985 1999 antiqu.
1019 1959 1111 2001 pag.
1136 1947 1224 1988 101.
1257 1948 1501 2010 Protagoras
1524 1951 1616 2001 post
1644 1947 1723 1988 de-

257 2019 433 2060 functum
480 2018 637 2059 demum
680 2018 871 2058 Periclem
913 2019 1094 2059 Athenas
1135 2019 1348 2073 reliquisse
1388 2019 1584 2061 videatur.
1640 2018 1722 2061 Sed

257 2104 346 2132 cum
387 2090 591 2131 Heraclidi
635 2090 802 2131 Pontico
849 2091 988 2144 (Diog.
1028 2090 1161 2132 Laert.
1200 2091 1267 2132 lib.
1296 2082 1364 2132 lx'.
1397 2096 1436 2142 5.
1462 2091 1540 2132 5οε
1588 2090 1721 2133 Kar-902

259 2179 388 2220 φησιν
412 2161 704 2218 ιΙτΙρακλεάῖης
733 2159 755 2203 ὅ
787 2161 998 2213 Ποντικός
1040 2164 1086 2206 ἐν
1124 2168 1212 2214 τοῖς
1238 2164 1338 2218 περὶ
1374 2163 1537 2218 νόμων,
1579 2160 1624 2213 ὃς
1652 2163 1727 2206 καί

262 2235 461 2291 Θουρίοις
491 2235 648 2288 νόμους
674 2235 839 2289 γράψαι
868 2239 998 2292 φησίν
1028 2235 1175 2288 αὐτόν)
1205 2239 1360 2279 auctori
1390 2242 1431 2278 et
1457 2241 1657 2279 vetustate
1682 2241 1725 2278 et

263 2304 447 2350 doctrina
472 2308 701 2361 excellenti,
730 2322 954 2364 quanquam
984 2310 1101 2352 multa
1131 2313 1292 2364 praeter
1322 2298 1725 2354 veritatem'finxisse

265 2382 409 2422 dicitur
426 2413 438 2434 ‚
483 2386 711 2423 ceterorum
740 2385 978 2436 scriptorum
1009 2389 1190 2425 veterum
1219 2385 1348 2425 nullus
1378 2381 1456 2424 hac
1484 2385 1525 2424 in
1551 2395 1597 2425 re
1625 2394 1724 2424 con-

264 2453 461 2505 tradicat,
505 2454 626 2495 immo
660 2454 782 2496 rebus
827 2466 929 2508 quae
958 2456 1268 2512 deProtagora
1309 2456 1427 2498 nobis
1468 2456 1726 2498 innotuerunt

264 2526 452 2568 omnibus
481 2528 737 2568 testmonium
770 2528 856 2568 eius
887 2520 1159 2581 confirmetur,
1186 2528 1404 2572 Schillerus
1430 2527 1578 2571 frustra
1606 2527 1725 2570 dubi-

263 2604 374 2639 tasse
411 2598 583 2640 videtur.
631 2599 841 2654 ‘Bergkius
869 2602 975 2641 enim
992 2612 1071 2655 quo
1100 2602 1188 2642 iure
1215 2600 1308 2642 illud
1340 2602 1523 2643 statuerit
1546 2602 1625 2643 iam
1650 2602 1725 2642 -in-

263 2670 480 2725 telligetur.
556 2671 667 2720 Quae
705 2671 923 2715 Schillerus
961 2672 1126 2728 respicit
1169 2673 1293 2715 verba
1336 2674 1423 2716 eius
1463 2674 1568 2716 haec
1606 2674 1725 2714 sunt:

264 2742 422 2796 „Fuerit
452 2746 585 2784 autem
616 2744 857 2799 Protagoras
884 2750 1000 2788 certe
1027 2758 1156 2800 usque
1187 2745 1238 2787 ad
1266 2746 1361 2788 illud
1390 2750 1543 2800 tempus
1558 2745 1726 2787 Athenis

190 2815 194 2816 ⁷
265 2819 661 2869 commoratus‚‹quo
688 2818 883 2860 exitiosus
911 2819 986 2860 iste
1016 2819 1181 2861 morbus
1210 2819 1389 2874 graviter
1409 2817 1548 2859 afflixit
1567 2829 1735 2859 omnem·

266 2889 481 2930 civitatem.
542 2889 744 2931 coniicias
779 2892 857 2933 hoc
886 2892 952 2933 vel
983 2905 1035 2934 ex
1064 2893 1233 2948 egregio
1256 2893 1324 2934 illo
1355 2892 1593 2947 fragmento,
1623 2892 1731 2946 quod
