1871 3204
701 114 781 188 ⁸-
852 153 1044 200 79—

843 305 880 349 §.
916 298 950 337 1.

227 396 229 398 ’
271 396 307 439 1.
369 395 423 440 Τὸ
451 399 532 440 πᾶν
562 396 731 453 κίνησις,
758 399 831 440 καί
857 385 960 440 ἄλλο
987 397 1103 451 παρὰ
1130 396 1253 455 τοῦτο
1280 395 1415 438 οὐδέν.

274 486 332 529 lta
363 486 968 542 ΠΨΕῘΞᾈῌῌι.υπεκλᾱᾶὰΛ
994 486 1183 528 Socrates
1215 497 1303 527 eam
1333 484 1498 527 exhibet
1522 484 1626 527 Pro-

169 563 335 613 tagorae
364 560 630 608 sententiam,
672 571 783 612 quae
815 559 1048 612 placitorum
1078 559 1165 600 eius
1193 559 1366 600 omnium
1395 560 1447 600 sit
1475 557 1627 599 l'unda-

167 635 354 682 mentum,
381 630 473 682 vel,
495 634 539 671 ut
567 630 692 683 ipsius
726 629 861 671 verbis
889 634 1002 683 utar,
1028 628 1160 684 α’ρχή,
1186 629 1231 680 ἐξ
1259 623 1307 685 ἧς
1337 627 1472 671 πάντα
1501 623 1629 685 ἢρτη-

167 717 249 743 ται.
305 703 541 745 Universum
568 706 631 743 est
659 704 809 754 motin,
846 714 978 756 neque
1012 702 1222 756 quidquam
1250 707 1312 744 est
1343 706 1503 756 praeter
1534 713 1629 743 mo-

169 774 331 816 tionem.
389 774 540 825 Quibus
570 774 705 816 verbis
732 774 849 829 plane
877 779 1062 830 apparet,
1100 786 1181 817 non
1210 774 1412 817 materiam
1444 773 1629 829 qualem-

170 858 326 900 cunque
353 858 447 888 sese
471 851 695 889 moventem
726 859 749 889 a
778 848 998 903 Protagora
1042 849 1160 891 statui
1190 860 1242 889 ex
1269 859 1346 902 qua
1376 849 1509 889 omnia
1538 848 1629 890 ori-

169 922 308 970 antur,
346 918 420 960 sed
455 931 605 961 meram
644 921 872 964 motionem.
931 920 1018 971 Qua
1055 921 1095 962 in
1134 932 1181 962 re
1209 933 1297 962 cum
1327 910 1531 962 Heraclito
1561 925 1627 961 to-

168 995 232 1032 tus
276 993 487 1045 congruit,
533 993 645 1034 cuius
682 993 788 1047 ignis
822 1005 904 1035 non
941 997 1026 1044 est,
1068 997 1111 1034 ut
1139 992 1315 1033 Thaletis
1346 1004 1449 1045 aqua
1469 1022 1480 1043 ,
1519 993 1630 1033 Ana-

169 1063 340 1103 ximenis
382 1065 473 1115 aer,
517 1058 754 1117 corporeum
797 1064 955 1118 aliquod
996 1065 1171 1105 omnium
1202 1075 1336 1103 rerum
1376 1063 1627 1116 principium,

172 1135 246 1178 sed
285 1136 419 1190 imago
459 1136 679 1190 quaedam,
721 1149 797 1191 qua
836 1137 986 1188 motio,
1026 1148 1079 1176 ex
1119 1147 1196 1189 qua
1235 1135 1368 1177 omnia
1400 1135 1631 1190 gignuntur,

172 1208 285 1260 quasi
324 1208 610 1268 manifestatur.
670 1209 785 1256 Quod
822 1208 930 1248 enim
961 1210 1107 1248 sextus
1137 1207 1360 1259 Empiricus
1398 1207 1448 1247 de
1488 1207 1631 1247 Prota-

170 1291 272 1333 gora
316 1280 468 1333 profert
502 1281 694 1334 Pyrrhon.
737 1280 878 1333 Hypot.
907 1279 974 1320 lib.
1019 1278 1051 1320 1.
1085 1290 1173 1333 cap.
1201 1279 1276 1320 32:
1324 1277 1462 1334 Φησὶν
1498 1274 1574 1321 οὖν
1606 1275 1631 1320 ὅ

169 1350 291 1404 α’νήρ,
323 1350 398 1404 τὴν
440 1346 544 1404 ὕλην
574 1349 751 1406 ρευστὴν
793 1346 929 1402 εἶναι,
975 1347 1154 1405 ῥεούσης
1193 1351 1239 1390 δὲ
1269 1350 1401 1403 αὐτῆς
1442 1351 1631 1403 συιέχαῖς

171 1424 422 1476 προσθέσεις
451 1417 550 1464 cinti
574 1424 656 1464 τῶν
685 1422 990 1478 ἀποφορήσεων
1014 1423 1244 1476 γίγνεσθαι,
1272 1426 1312 1462 et
1342 1422 1419 1463 alio
1448 1423 1629 1464 eiusdem

175 1494 318 1547 capitis
335 1494 447 1534 loco:
469 1496 600 1547 Λέγει
619 1495 665 1535 δὲ
682 1495 755 1534 καί
771 1491 872 1541 τούς
889 1492 1037 1547 λόγους
1055 1490 1221 1534 πάντων
1247 1495 1332 1534 τῶν
1362 1496 1630 1549 φαινομένων

169 1565 423 1608 ὑποκεῖσθαι
452 1566 497 1607 ἐν
525 1566 575 1623 τῇ
604 1561 681 1624 ὕλῃ
710 1592 763 1598 -
794 1565 889 1606 inde
916 1577 1164 1620 nequaquam
1196 1564 1391 1616 efficitur,
1431 1565 1631 1620 Protago-

170 1644 263 1678 ram'
282 1639 485 1678 materiam
518 1638 831 1692 qualemcunque
852 1638 1008 1694 ‘dixisse
1035 1649 1168 1678 rerum
1197 1639 1377 1679 initium.-
1414 1638 1494 1679 vid.
1520 1642 1557 1687 §.
1588 1639 1629 1679 6.

282 1736 330 1777 ll.
386 1737 448 1777 Ἐκ
477 1738 523 1779 δὲ
550 1735 601 1789 δὴ
634 1738 771 1790 φορᾶς
791 1752 842 1778 ἴτε
874 1738 946 1778 καί
972 1736 1172 1791 κινήσεως
1210 1738 1284 1778 καί
1309 1735 1497 1792 κράσεως
1525 1735 1631 1791 πρὸς

172 1803 331 1862 ἄλληλα
369 1809 554 1862 γίγνεται
584 1806 747 1861 πάντα,
788 1806 816 1850 ἃ
845 1806 897 1862 δή
926 1823 1067 1864 φαμεν
1094 1804 1204 1850 εἶναι
1230 1809 1306 1850 ουίι
1331 1808 1473 1863 ὀρθῶς
1500 1823 1631 1864 προσ-

138 1868 141 1870 (
171 1882 455 1935 αγορεύοντες.
721 1865 729 1872 ἱ

106 1997 110 1998 ⁷
171 1971 334 2014 Theaet.
373 1981 465 2024 pag.
500 1969 769 2029 ¹15,2.·„.1?.2„-‘-
810 1965 1005 2009 Continua
1052 1967 1173 2022 igitur
1215 1967 1395 2010 motione
1434 1972 1477 2010 et
1516 1968 1626 2011 fluxu

132 2028 699 2085 'EfVfiffiffeontrariarum
729 2052 952 2095 congressu
988 2051 1055 2082 res
1094 2051 1237 2082 omnes
1275 2052 1375 2095 quas
1411 2052 1488 2083 nos
1525 2053 1627 2094 sen-

172 2117 289 2157 timus
317 2117 546 2169 gignuntur.
606 2115 730 2164 Quum
760 2125 856 2154 vero
883 2114 1014 2155 fluxus
1044 2113 1173 2155 nullus
1202 2114 1253 2155 sit
1273 2114 1377 2166 finis,
1403 2115 1524 2164 etiam
1552 2127 1628 2156 re·-

170 2199 257 2229 rum
302 2187 453 2228 creatio
491 2190 554 2227 est
592 2185 755 2227 infinita.
810 2184 915 2227 Nihil
959 2187 1065 2227 enim
1106 2197 1279 2239 unquam
1321 2197 1372 2227 eo
1414 2187 1628 2240 pervenire

170 2263 330 2313 potest,
370 2264 413 2300 ut
439 2259 625 2299 motionis
652 2258 703 2298 sit
723 2269 890 2311 expers.
948 2258 1080 2307 Quare
1109 2270 1186 2300 nos
1217 2258 1320 2300 falso
1351 2259 1488 2301 dicere
1515 2260 1629 2301 sole-

169 2344 271 2384 mus,
298 2344 365 2373 res
391 2343 479 2372 esse
493 2344 508 2380 ‚·
536 2342 627 2371 nam
657 2329 762 2383 quod
791 2341 951 2383 semper
978 2330 1047 2384 fit,
1072 2342 1155 2372 non
1188 2335 1265 2373 est.
1321 2331 1372 2373 Ut
1401 2331 1505 2386 apud
1526 2332 1627 2375 ,Pla-

171 2407 306 2447 tonem
335 2404 514 2458 proxime
543 2403 740 2456 sequitur:

278 2502 344 2543 Ill.
390 2498 517 2546 Ἔστι
542 2502 621 2556 μὲν
648 2500 727 2555 γὰρ
759 2500 947 2544 οὐδέποτ’
979 2501 1118 2555 οὐδέν,
1147 2504 1218 2546 αἐἰ
1245 2504 1291 2547 δὲ
1318 2507 1516 2559 γίγνεται.

280 2591 527 2652 Protagorae
558 2589 829 2646 philosophiae
857 2589 1115 2632 fundamenta
1159 2605 1211 2633 ex
1243 2592 1430 2633 Heracliti
1469 2592 1624 2646 placitis

170 2663 376 2717 desumpta
415 2675 510 2706 esse
548 2669 591 2706 et
626 2664 704 2707 iam
748 2667 911 2717 apparet
948 2667 990 2708 et·
1029 2666 1316 2720 progrediente
1358 2664 1624 2718 disputatione

170 2737 290 2778 etiam
319 2736 475 2791 planius
500 2736 581 2778 fiet.
611 2736 691 2780 Sed
708 2735 783 2777 hac
809 2735 1031 2777 occasione
1058 2738 1192 2779 oblata
1223 2738 1473 2788 sententiam,
1504 2747 1623 2789 quam
1656 2734 1658 2736 ’

169 2809 306 2862 priore
334 2809 472 2851 harum
500 2811 774 2863 quaestionum
815 2807 917 2849 libro
951 2809 1003 2850 de
1035 2810 1278 2865 Protagorae
1320 2812 1450 2850 aetate
1491 2820 1625 2863 expo-

170 2883 346 2939 suimus,
389 2883 669 2936 admi-faulum
707 2881 868 2937 aliquod
904 2882 1024 2925 etiam
1064 2884 1159 2927 inde
1186 2882 1369 2925 nancisei
1397 2893 1624 2937 monemus,
