1871 3204
748 142 1078 186 —23—

204 264 371 318 triginta
400 264 479 305 duo
511 268 644 303 natum
678 262 802 303 fuisse
834 275 922 304 cum
952 262 1112 303 Xerxes
1143 263 1184 303 in
1217 263 1427 307 Graeciam
1458 265 1669 307 invaderet

199 337 419 377 memoriae
455 333 643 387 prodidit.
700 332 828 386 Baylii
860 334 995 374 animo
1026 333 1333 385 obversabatur,
1362 348 1414 377 ex
1433 337 1670 390 Apollodori

204 407 454 454 rationibuS,
487 404 628 458 quales
659 405 762 457 apud
797 405 1021 459 Diogenem
1052 404 1154 445 falso
1187 405 1387 459 leguntur,
1418 418 1547 448 annos
1577 412 1669 449 tan-

201 483 282 519 tum
315 478 475 530 triginta
516 476 595 517 duo
631 477 918 530 Anaxagoram
962 477 1138 517 vivendo
1177 478 1417 529 explevisse.
1476 479 1668 523 Corsinus

204 547 349 589 deinde
381 548 543 589 disertis
573 548 710 590 verbis
744 548 968 603 olympiade
996 549 1294 602 septuagesima
1328 553 1456 590 ortum
1485 550 1582 591 dicit
1599 553 1665 603 *);

196 655 339 697 conquis
369 665 415 687 un
442 655 591 695 monde,
629 660 664 688 et
689 655 771 699 qu'il
803 666 826 698 y
851 666 894 688 en
922 655 1013 688 avait
1048 664 1117 687 une
1156 653 1289 687 infinite
1327 654 1425 688 selon
1457 655 1664 689 Democrite.

195 702 260 734 Les
291 700 357 735 109
377 711 452 743 ans,
478 712 546 746 que
571 701 641 735 l'on
667 701 782 735 donne
808 703 828 735 a
854 712 894 735 ce
919 700 1139 746 philosophe,
1165 710 1210 734 ne
1239 707 1392 745 peuvent
1416 712 1477 746 pas
1499 701 1533 736 le
1547 713 1666 737 mener

188 748 376 793 jusqu'aux
402 750 591 793 conquetes
619 749 862 783 d’Alexandre.
915 750 1097 794 L'opinion
1122 748 1346 792 d'Aulugelle
1381 756 1435 783 est
1466 750 1598 784 solide:
1638 750 1664 784 il

194 797 312 829 l'avait
336 797 478 840 acquise
505 806 566 839 par
593 795 636 829 de
662 795 796 829 bonnes
834 796 954 830 voies:
993 797 1017 829 il
1045 807 1164 830 assure
1205 807 1272 840 que
1298 797 1440 831 Socrate
1467 798 1550 830 etait
1584 797 1664 841 plus

186 842 296 885 jeune
323 853 391 887 que
413 843 621 876 Democrite.
672 842 719 878 Or
745 843 888 877 Socrate
922 849 1060 877 mourut
1085 844 1117 877 la
1144 844 1314 888 premiere
1340 845 1451 877 annee
1479 843 1522 878 de
1549 843 1582 877 la
1606 844 1664 880 95.

190 891 387 933 olympiade
424 891 490 933 age.
519 891 561 923 de
588 891 632 924 70
659 901 746 924 ans:
786 891 810 923 il
836 890 947 922 fallait
973 891 1064 923 donc
1089 902 1157 934 que
1181 891 1377 924 Democrito
1401 892 1452 923 fut
1475 891 1566 924 alors
1597 893 1663 935 age

189 937 232 969 de
262 937 308 971 80
334 948 395 969 ans
422 948 510 981 pour
538 937 572 969 le
600 938 722 970 moins.
774 936 800 969 Il
831 947 874 969 en
903 938 1013 970 aurait
1040 937 1129 970 donc
1155 948 1198 970 eu
1232 937 1310 981 plus
1337 938 1380 971 de
1408 937 1498 978 140,
1524 937 1578 971 s’il
1604 939 1664 972 eut

190 985 246 1018 ete
270 994 314 1018 en
338 985 409 1026 vie,
436 984 564 1028 lorsqu'
582 984 779 1018 Alexandre
799 989 914 1017 monta
933 995 991 1017 sur
1015 983 1049 1017 le
1074 986 1173 1018 trone
1197 984 1230 1017 la
1257 986 1287 1018 1.
1313 985 1425 1018 anuee
1452 985 1495 1019 de
1520 985 1554 1018 la
1583 987 1662 1018 111.

189 1032 421 1075 olympiade.“

285 1089 319 1132 ³¹²)
350 1089 513 1122 Coi-sinus
543 1089 566 1122 l.
592 1088 634 1121 l.:
676 1088 928 1131 „Democritum
956 1088 1023 1122 hoc
1048 1098 1138 1121 anno
1164 1087 1237 1134 (Ol.
1264 1087 1380 1123 LXXI.
1409 1098 1439 1121 a.
1472 1090 1516 1134 1)
1546 1093 1662 1122 natum

189 1137 394 1180 putaverim.
442 1136 642 1180 Thrasyllus
668 1137 806 1180 quidem
832 1136 921 1180 apud
951 1136 1123 1169 Laertium
1146 1136 1224 1180 (lib.
1240 1136 1297 1169 IX.
1326 1146 1400 1179 seg.
1424 1135 1500 1181 41.)
1524 1137 1660 1177 asserit,

187 1185 300 1227 ipsum
327 1193 418 1216 anno
442 1184 477 1217 3.
504 1183 582 1226 Oly.
609 1183 777 1217 LXXVII.
803 1194 872 1216 uno
911 1188 991 1216 ante
1015 1183 1191 1216 Socratem
1230 1193 1320 1216 anno
1352 1183 1388 1215 in
1425 1182 1540 1216 lucem
1571 1193 1657 1226 pro-

188 1230 307 1271 diisse,
335 1230 425 1274 quod
451 1230 683 1274 Apollodorus
714 1230 947 1274 01y.1.xxx.‘
968 1231 1158 1274 contigisse
1181 1230 1318 1264 scribit:
1346 1230 1504 1276 Γεγόνοι
1532 1230 1572 1266 δὲ
1595 1229 1657 1272 ἄν,

188 1278 238 1314 ὥς
261 1278 333 1324 μὲν
354 1278 632 1325 Ἀπολλόδωρος
655 1280 697 1313 ἐν
715 1285 920 1324 χρονικοῖς,
945 1273 1039 1312 κατὰ
1063 1276 1129 1320 τὴν
1154 1274 1406 1323 ὀγδοηκοστὴν
1429 1277 1656 1323 ὀλυμπιάδα.

187 1325 299 1358 Natus
324 1325 432 1369 ἱρέων
459 1327 567 1369 suerit
583 1349 594 1366 ,
633 1330 671 1358 ut
696 1327 747 1358 ait
770 1325 1001 1370 Apollodorus
1024 1325 1062 1357 in
1087 1324 1294 1365 Chronicis,
1332 1324 1534 1370 Olympiade
1560 1330 1659 1358 oceo-

185 1372 327 1416 9esima.
395 1371 516 1416 Itaque
551 1372 707 1405 Laertius
743 1373 779 1407 in
816 1372 881 1405 hac
922 1371 1108 1415 hypothesi
1151 1382 1230 1405 mox
1271 1371 1383 1413 dixit,
1430 1372 1662 1405 Democritum

185 1421 391 1463 Anaxagora
420 1420 647 1464 quadraginta
679 1421 779 1453 annis
814 1420 982 1453 iuniorem
1012 1418 1147 1459 fuisse,
1183 1429 1285 1463 quem
1308 1428 1362 1452 ao.
1392 1419 1422 1451 1.
1451 1418 1529 1463 Oly.
1557 1419 1660 1453 Lxx.

185 1472 303 1499 natum
333 1476 412 1499 esse
440 1468 507 1500 iam
531 1467 692 1500 vidimus.
743 1467 861 1513 (Conf.
890 1476 970 1511 pag.
1002 1467 1092 1501 134:
1122 1465 1299 1510 Olympias
1327 1466 1427 1500 Lxx.
1455 1468 1485 1499 1.
1516 1486 1556 1494 -
1586 1465 1659 1499 Hac

187 1513 394 1556 Olympiade
418 1535 459 1540 —
489 1514 729 1558 Anaxagoram
747 1514 957 1548 Clazomene
984 1515 1018 1546 in
1044 1513 1158 1546 lucem
1187 1514 1313 1546 editum
1342 1522 1421 1547 esse
1444 1513 1528 1546 dicit
1550 1512 1659 1546 Laer-

187 1561 255 1593 tius
283 1559 344 1593 lib.
372 1560 415 1593 lI.
444 1571 553 1605 segm.
583 1563 601 1596 '7
665 1561 772 1606 idque
806 1572 883 1595 cum
921 1561 983 1594 illo
1008 1561 1095 1594 mire
1121 1561 1317 1602 consentit,
1354 1560 1493 1605 quoda
1517 1560 1658 1594 Laertio

186 1609 264 1652 ipso
290 1608 437 1650 dicitur,
473 1610 714 1652 Anaxagoram
751 1610 787 1642 in
819 1610 941 1643 Xerxis
975 1609 1143 1649 transitu,
1182 1608 1249 1641 hoc
1276 1613 1329 1641 est
1352 1618 1443 1641 anno
1468 1609 1499 1641 1.
1527 1608 1657 1651 olymp.

185 1655 327 1697 LXXV,
355 1656 556 1689 vicesimum
585 1658 707 1689 aetatis
733 1667 860 1689 annum
887 1657 1032 1702 egisse.)
1083 1655 1234 1699 Utraque
1262 1660 1376 1688 tamen
1405 1655 1523 1698 opinio
1551 1654 1657 1687 facile

185 1702 301 1735 refelli
329 1704 467 1746 poterit.
517 1703 693 1747 Siquidem
720 1703 880 1737 Valerius
911 1704 1075 1736 Maximus
1103 1702 1178 1748 (tib.
1205 1702 1294 1736 VIII.
1321 1712 1396 1745 cap.
1422 1703 1471 1748 7.)
1496 1707 1530 1735 et
1546 1702 1654 1735 Laer-

186 1751 256 1783 tius
282 1751 373 1797 (seg.
403 1750 479 1795 34.)
509 1750 647 1784 laudato
672 1751 835 1784 llerodoti
862 1750 934 1796 (lib.
957 1750 1046 1784 VIII.
1076 1761 1151 1794 cap.
1177 1750 1270 1795 120.)
1300 1751 1496 1784 testimonio
1520 1750 1658 1793 perspi-

188 1808 254 1830 cue
295 1797 422 1839 docet,
461 1798 578 1841 quod,
614 1798 673 1830 ubi
702 1800 832 1832 Xerxes
870 1803 948 1841 post
985 1797 1116 1830 cladem
1142 1798 1315 1831 Salamine
1350 1803 1527 1841 acceptam
1555 1799 1656 1830 sein

186 1845 304 1878 Asiam
332 1846 479 1889 recepit,
505 1845 666 1879 Abderae
691 1845 853 1886 substitit,
880 1846 1000 1889 ibique
1025 1855 1166 1889 pavore,
1192 1854 1260 1889 quo
1286 1844 1467 1888 perculsus
1494 1855 1536 1878 ex
1547 1845 1656 1877 Grae-

187 1893 241 1924 cia
270 1898 413 1935 repente
442 1892 635 1936 aufugerat,
662 1892 821 1936 deposito
843 1903 860 1925 a
876 1892 1063 1926 Democriti
1090 1897 1187 1935 patre
1212 1891 1467 1934 perhonorifice
1492 1897 1659 1934 exceptus

184 1938 323 1971 Abdera
349 1939 532 1971 discedens
561 1949 681 1983 magos
712 1939 759 1972 ibi
785 1939 927 1982 reliquit
944 1963 954 1977 ,
993 1949 1011 1971 a
1037 1939 1163 1983 quibus
1192 1938 1408 1972 Democritus
1434 1938 1545 1971 adhuc
1572 1947 1658 1982 puer

184 1986 219 2018 in
247 1985 427 2028 Physicis,
458 1985 688 2030 Astrologicis
721 1997 762 2020 ac
789 1987 1009 2031 Theologicis
1037 1985 1241 2020 erudiretur.
1290 1986 1383 2030 Ergo
1408 1996 1498 2019 anno
1522 1986 1549 2019 1.
1576 1985 1654 2028 Oly.

184 2033 315 2067 LXXV.
342 2034 559 2067 Democritus
588 2035 654 2068 iam
681 2040 780 2067 natus
805 2041 878 2067 erat
895 2060 904 2075 ,
930 2045 1042 2078 eaque
1069 2040 1205 2075 aetate,
1243 2044 1332 2077 quae
1356 2034 1460 2066 variis
1487 2033 1655 2065 eiusmodi

182 2079 377 2123 disciplinis
413 2092 474 2123 par
511 2092 590 2113 esse
628 2087 758 2124 posset.
821 2081 857 2114 ld
893 2091 977 2113 vero
1011 2081 1096 2113 mire
1132 2081 1332 2123 conspirat,
1372 2081 1400 2112 si
1440 2080 1657 2112 Democritus

182 2127 326 2160 ineunte
352 2127 431 2171 Oly.
461 2128 583 2162 LXXI.
614 2134 713 2162 natus
741 2128 898 2171 dicatur,
938 2127 1096 2173 adeoque
1130 2128 1320 2162 inXerxis
1349 2128 1492 2161 transitu
1520 2132 1654 2161 sextum

182 2175 351 2209 decimum
380 2178 502 2209 aetatis
531 2187 657 2210 annum
692 2178 855 2220 attigerit.
909 2177 958 2209 lta
999 2176 1215 2209 Democritus
1253 2178 1329 2219 ipse
1358 2186 1498 2219 parvum
1524 2176 1654 2208 Diaco-

183 2233 291 2254 smum
315 2233 405 2255 anno
429 2224 641 2265 postTroiae
662 2224 834 2256 excidium
851 2224 929 2259 730.
957 2223 1110 2257 edidisse
1134 2223 1275 2256 dicitur:
1303 2222 1370 2255 hoc
1394 2228 1458 2262 est,
1484 2222 1653 2254 subducto

182 2279 225 2301 ex
247 2268 486 2303 Eratosthenis
514 2272 679 2315 opinione
704 2270 853 2313 calculo,
882 2280 971 2304 anno
1001 2271 1032 2304 1.
1063 2269 1198 2315 Olymp.
1215 2269 1406 2312 LXXXIV,
1430 2269 1521 2314 quod
1546 2278 1654 2313 aegre

180 2316 329 2360 intelligi
355 2319 513 2362 profecto
543 2324 673 2362 posset,
703 2320 732 2352 si
758 2318 837 2361 Oly.
868 2318 979 2352 solum
1003 2318 1136 2352 LXXX.
1165 2324 1264 2351 natus
1293 2318 1435 2351 dicatur.
1485 2316 1537 2350 Ita
1565 2316 1653 2349 Pro-

181 2369 320 2407 tagoras
346 2377 389 2398 ex
419 2366 627 2399 Philochoro
652 2371 733 2399 ante
753 2366 975 2409 Euripidem,
1002 2365 1070 2398 hoc
1107 2370 1185 2407 est,
1209 2375 1334 2397 annum
1360 2366 1394 2398 2.
1421 2363 1499 2406 Oly.
1528 2363 1651 2397 XCIII.

180 2421 201 2443 e
225 2411 316 2444 vivis
341 2414 501 2455 excessit,
530 2424 635 2458 quum
662 2413 703 2456 is,
729 2413 872 2447 Platone
899 2417 988 2446 teste
1013 2413 1064 2459 (in
1091 2411 1254 2456 Menone)
1280 2411 1501 2456 septuaginta
1528 2411 1651 2445 aetatis

179 2469 290 2492 annos
317 2462 474 2504 egisset,
509 2462 679 2505 annisque
704 2460 930 2506 quadraginta
954 2461 1176 2504 sophisticam
1206 2466 1313 2493 artem
1348 2460 1583 2501 exercuisset,
1615 2464 1654 2492 ut

179 2506 328 2550 proinde
353 2508 507 2541 Laertius
531 2509 629 2541 illum
658 2508 734 2552 Oly.
751 2508 934 2541 LXXXIV.
958 2508 1116 2541 floruisse
1140 2507 1275 2540 dixerit.
1305 2507 1509 2549 Protagoras
1537 2511 1652 2538 autem

179 2552 242 2587 ille
268 2553 405 2587 Laertio
436 2555 508 2601 (lib.
534 2556 593 2592 lx.
620 2565 695 2599 seg.
723 2554 781 2590 65.
809 2556 928 2601 [immo
954 2556 1012 2592 50.
1028 2561 1063 2588 et
1076 2554 1169 2601 534)
1194 2559 1283 2588 teste
1309 2553 1494 2587 Democriti
1515 2553 1652 2586 auditor

179 2600 273 2642 fuit3
309 2602 460 2646 ideoque
483 2602 668 2636 Democriti
706 2604 866 2637 nativitas
906 2603 948 2636 ad
977 2602 1054 2645 Oly.
1080 2602 1216 2636 LXXX.
1251 2602 1409 2634 revocari
1447 2600 1541 2634 certe
1578 2610 1650 2633 non

178 2649 329 2691 poterit,
360 2659 404 2681 ne
432 2649 616 2692 Protagora
641 2650 747 2694 longe
775 2650 888 2682 iunior
915 2650 1072 2690 dicatur,
1112 2649 1170 2693 qui
1195 2653 1275 2692 post
1302 2648 1381 2691 Oly.
1407 2648 1541 2682 LXXV.
1566 2647 1650 2680 oriri

177 2704 245 2728 non
271 2697 394 2740 potuit.
446 2695 605 2740 Denique
629 2696 799 2731 Diodorus
825 2696 902 2744 (lib.
932 2697 1017 2731 XIV.
1048 2706 1125 2741 cap.
1155 2697 1226 2742 11.)
1263 2697 1388 2730 asserit
1416 2695 1649 2730 Democritum

176 2744 288 2786 ipsum
328 2745 518 2789 nonaginta
559 2754 667 2777 annos
698 2752 814 2778 natum
850 2755 939 2777 anno
968 2746 997 2778 1.
1034 2744 1111 2787 Oly.
1147 2744 1266 2778 XCIV.
1305 2744 1459 2785 obiisse,
1492 2742 1651 2785 adeoque

176 2791 285 2832 ipsius
310 2799 419 2825 ortum
450 2792 493 2824 ad
519 2792 695 2823 ineuntem
723 2793 801 2835 Oly.
829 2792 948 2825 LXXI.
981 2792 1171 2824 revocavit.
1222 2791 1288 2825 Sed
1317 2790 1399 2835 quid
1427 2789 1563 2824 Laertio
1587 2798 1648 2822 re-

176 2847 373 2880 ponemuS‚
410 2840 469 2884 qui
509 2839 743 2873 Democritum
778 2840 1063 2886 τεσσαράκοντα
1101 2839 1199 2872 annis
1233 2839 1440 2882 Anaxagora
1464 2837 1647 2870 siuniorem

178 2885 285 2919 fuisse
322 2886 431 2921 semel
473 2888 668 2938 iterumque
705 2887 880 2920 testatur?
928 2887 1004 2921 Non
1044 2886 1138 2920 aliud
1173 2886 1331 2929 profecto
1365 2885 1433 2919 nisi
1467 2883 1559 2929 quod
1586 2884 1649 2917 ille
