1871 3204
747 107 1106 154 —167—

203 234 324 274 didae
363 235 555 277 avaritiae
594 236 715 278 homo
753 237 1012 291 appellandus
1052 237 1150 278 est?
1202 235 1322 285 Quod
1361 246 1462 276 vero
1493 235 1655 275 multum

206 309 363 360 accepit
392 308 605 362 mercedis,
637 321 688 351 eo
719 302 949 364 magistrum
977 322 1066 351 eum
1096 309 1220 351 fuisse
1253 312 1418 363 apparet
1450 307 1659 348 eximium:

205 391 297 421 nam
326 382 675 435 tantum-quisque
706 383 934 435 pendebat,
972 388 1159 435 quantum
1188 382 1413 435 profecisse
1442 382 1660 422 videretur.

205 452 255 492 Ut
293 454 333 493 in
373 455 623 506 posteriores
666 454 866 507 sophistas
903 454 1022 497 cadat
1061 454 1150 495 talis
1192 455 1439 495 criminatio:
1486 454 1662 494 omnium

204 525 363 565 minime
390 525 502 565 cadit
531 525 570 565 in
601 525 858 578 Protagoram
879 526 942 573 θ).
1727 576 1732 587 Ι

316 596 481 637 Praeter
497 596 702 651 vulgarem
721 596 949 638 scholarum
979 607 1152 646 cursum,
1182 596 1322 649 quibus
1342 608 1428 637 cum
1458 596 1661 650 discipulis

203 669 930 726 separatimdisputabatspzimvm,
960 670 1232 723 διαλέγεσθαι
1251 703 1261 722 ,
1294 681 1397 722 quae
1430 669 1507 710 hoc
1538 681 1661 711 sensu

203 753 226 782 a
261 741 423 782 Platone
463 747 543 783 tam
587 742 637 782 de
676 743 868 796 magistro
901 754 1016 795 quam
1058 741 1109 781 de
1150 741 1399 784 auditoribus
1442 742 1657 796 dicuntur),

203 813 461 867 Protagorae,
490 819 533 855 ut
552 815 739 868 Gorgiae,
770 814 926 858 Prodici
960 813 1206 866 aliorumque
1234 813 1513 867 sophistarum,
1541 815 1661 855 etiam
1708 818 1712 868 'b

201 886 367 927 alterum
384 887 664 928 'eratdocendi
681 900 810 941 genus
830 887 880 927 ab
897 887 963 927 illo
979 898 1143 940 prorsus
1155 886 1379 928 diversum.
1404 886 1447 926 ld
1467 888 1504 926 in
1522 886 1660 939 dispu-
1707 890 1711 895 '

203 960 422 1001 tationibus
439 961 654 1001 recitandis
669 961 916 1011 versabatur,
942 966 1041 1014 quas
1065 960 1265 1001 >audituris
1286 963 1438 1000 certum
1462 958 1660 1011 quoddam

200 1032 370 1085 pretium
397 1033 589 1086 magister
619 1032 900 1086 constituehat.
960 1032 1047 1081 Qua
1078 1032 1298 1072 occasione
1328 1043 1417 1072 cum
1450 1030 1557 1071 multi
1586 1043 1661 1071 so-

200 1103 416 1157 phistarum
434 1106 682 1147 uti-solerent
711 1105 761 1147 ad
790 1105 949 1147 dicendi
982 1104 1208 1146 facultatem
1236 1104 1466 1158 ingeniique
1493 1115 1662 1144 acumen
1709 1097 1714 1153 f

203 1178 497 1229 ostentandam,
527 1180 613 1219 eius
640 1179 751 1219 modi
775 1180 1035 1219 recitationes
1064 1179 1288 1227 ἐπιδείξεις
1314 1178 1434 1231 vulgo
1466 1178 1664 1218 diceban-

199 1255 287 1292 tur:
317 1251 423 1294 conf.
457 1250 655 1302 ἐπίδειξιν
685 1254 903 1293 ποιεῖσθαι
916 1251 1012 1292 Plat.
1041 1250 1154 1304 Hipp.
1188 1251 1280 1302 mai.
1311 1262 1402 1304 pag.
1435 1251 1529 1292 282.
1561 1250 1589 1291 B
1615 1250 1661 1301 C,

197 1324 306 1365 Suid.
329 1336 365 1363 v.
384 1322 615 1376 Πρόδικος,
632 1324 813 1365 philostr.
831 1336 922 1377 pag.
938 1325 1033 1369 482.
1052 1324 1191 1377 (Kays.
1208 1337 1244 1376 p.
1258 1323 1344 1374 6.);
1376 1321 1662 1366 ε’·ιιδεικνύνοιι
1709 1314 1711 1316 V

201 1395 294 1436 Plat.
314 1395 428 1448 Hipp.
461 1395 553 1436 mai.
582 1407 674 1449 pag.
692 1394 786 1437 286.
818 1395 861 1446 B,
883 1395 1046 1446 287.B;
1078 1396 1394 1436 ἐπιδείκνυσθαι
1423 1395 1517 1435 Plat.
1546 1395 1660 1447 Hipp.

199 1468 291 1507 mai.
309 1468 401 1509 265.
418 1467 464 1518 C,
483 1466 667 1519 Xenoph.
685 1466 800 1507 Mem.
819 1467 884 1508 lib.
903 1467 950 1508 ll.
973 1479 1059 1520 cap.
1079 1468 1106 1508 1.
1137 1472 1176 1516 §.
1200 1468 1266 1508 21.
1312 1469 1345 1508 A
1376 1468 1566 1507 mercede
1594 1468 1659 1507 in-

199 1540 360 1581 traturis
386 1539 599 1596 pendenda
621 1540 826 1594 Diogenes
853 1540 921 1595 tib.
939 1539 987 1580 ll.
1014 1543 1053 1589 §-
1074 1540 1141 1581 62.
1172 1541 1409 1591 ἐμμίσθους
1437 1537 1662 1591 α’κροιὶσεις

196 1614 388 1663 nominat,
416 1614 562 1653 Athen.
593 1613 660 1654 lib.
678 1613 721 1653 V.
750 1625 843 1666 pag.
862 1614 956 1655 212.
978 1612 1008 1654 C
1036 1610 1235 1667 ἐρανικὰς
1263 1611 1499 1665 α’κροάσεις.
1538 1612 1658 1667 Diog.

194 1684 327 1726 Laert.
357 1683 424 1724 lib.
454 1683 516 1724 lX.
546 1688 586 1733 S.
618 1684 696 1725 50:
746 1678 879 1732 Οὗτος
911 1680 1248 1738 (Πρωταγόρας)
1288 1683 1362 1722 καί
1387 1681 1605 1734 Πρόδικος
1635 1682 1658 1724 ὅ

200 1758 329 1804 Κεῖος
359 1753 504 1809 λόγους
545 1753 894 1809 ἀναγινώσκοντες
922 1755 1186 1810 ἠρανίζοντο.
1243 1754 1486 1808 Protagoras
1527 1766 1665 1807 quan--

195 1832 274 1869 tum
308 1838 379 1880 pro
410 1827 717 1868 recitationibus
732 1828 826 1868 -suis
852 1828 1064 1881 exegerit,
1100 1838 1293 1879 nusquam
1332 1826 1547 1868 indicatum
1577 1832 1656 1868 est.

194 1901 273 1943 Sed
315 1912 404 1941 cum
447 1912 470 1939 a
503 1900 693 1951 Socrate,
742 1900 810 1953 qui
841 1899 999 1941 Prodici
1041 1899 1283 1951 ἐπιδείξεων
1323 1899 1447 1953 pretia
1492 1900 1656 1953 saepius

194 1972 403 2014 cavillatur
442 1971 662 2022 (ἐπίδειξις
689 1972 1153 2026 ’πεπηκοντᾰδραχμος
1193 1972 1296 2012 Crat.
1340 1983 1430 2026 pag.
1459 1972 1559 2016 384.
1591 1972 1654 2024 Β,

194 2044 434 2098 δραχμιαιά
477 2044 656 2095 ibidem;
705 2043 813 2089 conf.
855 2042 1022 2085 Axioch.
1068 2055 1158 2097 pag.
1197 2042 1291 2085 366.
1326 2043 1384 2084 B:
1431 2044 1653 2096 Προδίκου

194 2116 288 2158 ἐστι’
317 2117 392 2156 τοῦ
419 2117 562 2171 σοφοῦ
588 2113 883 2170 ἇπηχήματα,
912 2112 961 2157 tc)
994 2117 1073 2167 μὲν
1101 2116 1294 2169 διμοίρου
1326 2116 1537 2168 ἐωνημένα
1557 2146 1570 2167 ,
1598 2115 1650 2157 τοὶ

194 2189 240 2228 δὲ
269 2188 388 2227 δυοῖν
418 2187 648 2238 δραχμαῖν,
676 2185 732 2227 τὰ
762 2188 809 2228 δὲ
839 2186 1201 2241 τειραδράχμου),
1226 2187 1277 2227 de
1306 2187 1526 2241 Protagora
1556 2189 1653 2239 eius

194 2259 441 2301 modinihil
479 2271 530 2299 ne
572 2259 698 2300 verbo
743 2258 901 2312 quidem
946 2259 1171 2310 indicetur,
1215 2258 1321 2300 haud
1353 2260 1488 2313 inepte
1520 2262 1653 2301 conii-

282 2337 321 2382 ¹⁸)
345 2336 459 2374 Nolim
483 2347 550 2382 ego
576 2347 652 2370 cum
679 2336 866 2371 Welckero
890 2348 971 2384 pag.
998 2337 1054 2373 28.
1082 2337 1131 2370 ad
1149 2336 1375 2381 Protagoram.
1397 2338 1651 2373 defendendum
1724 2362 1727 2365 -

191 2384 358 2419 adhibere
383 2385 528 2419 Dionem
554 2383 848 2427 chrysostomum,
875 2386 934 2430 qui
964 2384 1130 2426 ot.1.1v,
1157 2390 1338 2433 postquam
1366 2386 1538 2430 Hippiam,
1565 2387 1652 2420 Gor-

193 2433 299 2476 giam,
324 2432 455 2474 Polum,
478 2431 765 2475 Thrasymachum
790 2433 962 2477 sophistas
988 2442 1050 2477 pro
1073 2441 1198 2476 magno
1222 2434 1334 2476 pretio
1358 2443 1464 2467 vanas
1493 2433 1651 2467 docuisse

193 2480 367 2513 orationes
392 2481 605 2519 memoravit,
626 2478 753 2516 ’Ἀλλος
783 2479 824 2514 δέ
843 2493 909 2519 τις,
932 2481 1056 2536 inquit,
1083 2477 1177 2539 α’νηρ
1202 2479 1429 2526 Ἀβδηρίτης,
1454 2494 1497 2516 ου
1478 2481 1534 2525 ὄχ’
1550 2480 1650 2519 ὅπως

199 2526 383 2583 ἀργύριον
411 2531 502 2570 παρ’
530 2528 665 2584 ἑιέρων
699 2524 925 2586 ἐλιιμβανεν,
959 2524 1051 2561 ἀλλὰ
1087 2531 1150 2561 καὶ
1190 2527 1340 2575 ‹hap-‘hu
1330 2541 1384 2575 ιρε
1417 2542 1451 2570 τι,
1459 2543 1479 2563 ν
1514 2541 1545 2562 οι
1550 2528 1649 2564 ’σίαν

190 2571 259 2618 τὴν
284 2573 397 2608 αὖιοῦ
428 2586 569 2620 συχνην
597 2587 637 2610 ου
623 2570 717 2634 ἔσαν
746 2576 813 2608 καὶ
838 2573 1011 2609 annusve
1038 2575 1291 2633 φιλοσοφῶν.
1319 2575 1558 2612 ἀναισθήτως
1585 2575 1648 2616 δη-

190 2620 317 2657 λονότι
353 2624 417 2655 καὶ
456 2622 573 2664 ζητῶν
610 2635 664 2658 ων
701 2620 810 2656 οὐδὲν
841 2620 982 2679 ὄφελος
1015 2621 1128 2666 avua.
1192 2619 1235 2662 ἦν
1274 2624 1314 2659 δὲ
1351 2637 1412 2657 και
1448 2622 1649 2667 Σωκράτης

192 2668 368 2711 Αθήνησι
404 2672 515 2711 πίνης
549 2667 645 2713 ἀνηρ
682 2671 745 2703 καὶ
780 2667 1002 2716 δημοτικός,
1038 2668 1126 2704 οῦδὲ
1162 2674 1222 2705 οὑι
1232 2684 1272 2710 ος
1310 2666 1382 2705 ὑπὸ
1418 2673 1478 2706 τῆς
1514 2673 1648 2709 πενίας

192 2716 267 2754 α’νιι
271 2715 498 2762 γκαζόμενος
523 2714 636 2751 οὐθὲν
660 2715 875 2762 λαμβάνειν·
900 2721 934 2747 et
959 2725 993 2759 q.
1020 2726 1117 2760 seqq.
1144 2717 1265 2758 Quem
1288 2716 1398 2749 locum
1425 2717 1469 2747 ita
1495 2715 1647 2758 explicat

190 2763 418 2797 Welckerus·
450 2762 536 2805 „Dio
561 2766 626 2808 (or.
643 2766 716 2807 54.)
742 2769 818 2806 sagt
842 2773 908 2796 von
936 2761 1020 2797 ihm·
1033 2764 1280 2810 (Protagora)
1306 2763 1383 2796 dass
1408 2772 1457 2804 er,
1481 2762 1647 2806 obgteich

193 2809 394 2854 Bezahluug
432 2809 625 2852 nehmend,
667 2810 754 2843 doch
788 2811 862 2855 sein
896 2810 993 2843 nicht
1028 2814 1190 2855 gelinges
1231 2812 1420 2853 Vermogen
1458 2817 1647 2855 zusetzte“,

192 2867 293 2901 quam
307 2858 622 2902 interpretationem
641 2857 817 2902 amplexus
833 2868 911 2891 esse
929 2858 1065 2894 videtur
1075 2858 1100 2892 Ι
1104 2858 1229 2892 ellerus
1241 2857 1326 2890 Hist.
1336 2856 1422 2891 Phil.
1439 2856 1494 2891 Gr.
1521 2862 1603 2892 tom.
1618 2859 1646 2893 1.
