1871 3204
226 271 407 309 mortuus
448 268 526 317 sit,
569 269 779 319 postquam
818 269 945 306 artem
985 265 1245 319 sophisticam
1282 267 1465 309 exercuit
1499 279 1572 320 per
1606 266 1693 321 plus

227 340 491 393 quadraginta
515 349 675 379 annos:
708 336 759 379 ad
792 337 947 379 litteras
979 342 1020 379 et
1053 324 1344 391 philosophiam
1372 344 1695 394 aggressusest,

229 424 320 453 cum
352 410 607 452 Democritus
638 422 738 463 puer
766 410 927 451 vixdum
956 410 1153 451 decimum
1183 409 1325 450 aetatis
1356 406 1502 451 annum
1534 412 1694 466 attigis-

228 489 312 526 set:
343 494 445 535 quae
466 482 600 523 omnia
630 487 773 537 quarto
802 481 920 525 huius
948 482 1037 525 libri
1057 483 1188 538 capite
1215 486 1481 536 exponentur.
1539 482 1588 524 Et
1615 484 1694 525 mi..

226 569 311 597 rum
327 566 427 598 saue
459 554 644 602 videatur
661 567 834 597 necesse
851 559 927 606 est,
956 555 1172 607 hominem,
1201 555 1268 608 qui
1296 555 1400 596 bene
1431 559 1473 596 et
1500 555 1688 608 expedite

224 629 334 682 ligna
363 632 527 681 portare
556 629 711 682 possit,
742 629 794 670 ob
826 629 866 670 id
895 629 1022 682 ipsum
1055 628 1203 669 bonum
1234 632 1274 671 et
1299 627 1526 682 expeditum
1554 627 1691 681 philo-

220 700 390 753 sophum
421 705 561 752 putare
590 701 777 741 futurum.
834 699 879 740 In
909 700 1065 753 placitis
1095 704 1227 740 autem
1258 700 1463 753 sophistae
1495 700 1594 741 nihil
1623 700 1688 740 in·-

222 785 342 824 esse‚
376 773 483 825 quod
518 772 568 812 ad
595 772 871 813 Democritum
899 772 1137 813 necessario
1170 772 1223 813 sit
1251 771 1509 813 referendum
1528 803 1540 824 ,
1571 785 1688 821 com-

219 844 476 885 mentationis
504 847 670 884 nostrae
700 842 804 886 libro
834 843 1018 884 secundo
1048 844 1210 897 planum
1240 843 1321 884 fiet.

350 916 486 965 Quare
526 916 786 970 Protagoram
831 915 1053 957 Democriti
1100 915 1336 969 discipulum
1375 914 1502 957 fuisse
1545 918 1686 961 contra

218 989 400 1030 Geelium
430 991 545 1043 (pag.
574 989 641 1031 69.
673 992 714 1029 et
741 1001 778 1042 q.
809 995 960 1042 seqq),
990 987 1178 1030 Geistium
1194 974 1306 1043 (pag.
1330 989 1432 1041 14),
1461 987 1687 1039 Herbstitisn

217 1053 333 1117 (pag.
369 1050 461 1103 104.
492 1067 534 1103 et
563 1074 602 1115 q.
631 1068 740 1115 seq.)
781 1061 1032 1103 confidenter
1060 1055 1214 1116 negare
1255 1050 1525 1103 nonrdubito.
1580 1056 1684 1103 Nihil

215 1136 414 1176 enimme
439 1139 646 1176 morantur
659 1135 806 1187 reliqui
834 1135 1074 1188 scriptorum
1101 1133 1211 1185 loci,
1240 1132 1387 1188 quibus
1404 1132 1589 1175 *fabellae
1619 1134 1684 1174 isti

216 1207 315 1248 iides
352 1207 543 1248 habetur:
584 1208 703 1262 Diog.
743 1207 876 1249 Laeti.
921 1207 989 1251 lib.
1019 1206 1087 1249 lX.
1124 1210 1162 1256 §.
1191 1207 1270 1250 50:
1316 1205 1527 1261 Διήκουσε
1571 1205 1620 1247 δὲ
1658 1204 1681 1246 ὅ

217 1277 515 1334 Πρωταγόρας
548 1279 830 1334 Δημοκρίτου.
863 1280 986 1321 Clem.
1007 1281 1120 1322 Alex.
1144 1280 1289 1322 Strom.
1323 1279 1387 1320 lib.
1413 1279 1443 1320 1.
1474 1291 1566 1332 pag.
1586 1279 1683 1322 301.

218 1354 276 1394 D:
316 1352 589 1407 Δημοκρίτου
630 1352 677 1395 δὲ
717 1353 927 1397 α’κουσταί
957 1352 1257 1407 Πρωταγόρας
1298 1350 1319 1394 ὃ
1353 1350 1606 1405 Ἀβδηρίτης
1645 1355 1686 1392 et

221 1438 258 1478 q.
299 1438 416 1479 seqq.
488 1425 671 1467 Philostr.
717 1425 810 1467 loco
861 1438 982 1479 supra
1028 1427 1181 1467 citato:
1225 1421 1528 1479 ,Πρωταγόρας
1573 1424 1619 1464 δὲ
1668 1422 1688 1464 ὃ

217 1498 465 1552 Ἀβδηρίτης
492 1493 700 1553 σοφιστῆς
727 1500 807 1550 μὲν
836 1500 906 1538 καί
920 1498 1187 1552 Δημοκρίτου
1222 1494 1432 1549 α’κροατὴς
1465 1493 1568 1537 οἴκοι
1596 1497 1684 1549 ἐγέ-

214 1585 318 1610 νετο.
346 1569 494 1611 Euseb.
528 1569 832 1624 Praep.Evang.
863 1569 933 1610 lib.
966 1569 1071 1610 XIV.
1105 1580 1193 1622 cap.
1227 1569 1293 1610 17.
1351 1568 1489 1609 Utrum
1518 1568 1677 1609 Aeliani

218 1642 310 1682 Var.
340 1641 437 1682 Hist.
467 1641 535 1685 lib.
567 1641 595 1682 1.
626 1653 715 1695 cap.
745 1642 812 1685 23.
839 1643 918 1683 hue
950 1641 1239 1683 conferendum
1269 1644 1378 1681 esset
1403 1652 1534 1681 necne
1562 1640 1682 1681 dubi-

214 1719 346 1756 tarunt
372 1714 447 1755 viri
477 1713 614 1755 docti:
657 1714 719 1756 ‘Ev
747 1720 834 1763 τοῖς
854 1711 1024 1768 Ἕλλησι
1051 1718 1138 1761 τοῖς
1171 1710 1303 1754 πάλαι
1328 1711 1475 1766 μακρὰ
1501 1714 1551 1769 τῇ
1580 1709 1679 1770 δόξῃ

218 1788 416 1841 διέπρεπε
461 1786 643 1840 Γοργίας
685 1783 705 1828 ὁ
742 1790 968 1836 Λεοντῖνος
1015 1783 1230 1828 Φιλολάου
1271 1785 1346 1826 καί
1386 1782 1681 1840 Πρωταγίιρας

212 1862 482 1914 Δημοκρίτου
503 1876 513 1887 ·
570 1861 621 1915 τῇ
651 1861 696 1901 δὲ
727 1860 857 1916 σοφίᾳ
901 1861 1100 1900 τοσοῦτον
1128 1859 1339 1900 ἐλείποντο
1378 1855 1477 1899 ὅσον
1517 1858 1683 1911 ἀνδρῶν

211 1932 374 1979 παῖδες.
433 1929 541 1974 ἔοικε
581 1932 662 1986 γάρ
702 1948 790 1981 πως
829 1928 852 1986 ἦ
892 1931 994 1983 δόξα
1032 1930 1091 1985 μή
1122 1923 1245 1973 ’πάνυ
1288 1947 1328 1973 τι
1364 1931 1535 1984 ἀκριβὲς
1570 1927 1682 1985 μήτε

211 2004 315 2057 ὁρᾶν
342 2002 448 2059 μήτε
480 2002 663 2044 ἀκούειν·
719 2002 843 2045 ἔνθεν
870 2019 932 2045 τοι
959 2003 1189 2046 καὶπολλὰ
1220 2006 1479 2061 σφάλλεται,
1523 2002 1597 2044 καί
1622 2000 1675 2044 τὰ

208 2078 287 2129 μὲν
318 2075 670 2131 καταχαρίζεται,
710 2076 760 2119 τὰ
793 2078 839 2120 δὲ
870 2078 1089 2130 ψεύδεται.
1144 2077 1288 2120 Vulteii
1329 2089 1470 2129 error,
1514 2077 1580 2130 qui
1624 2088 1677 2118 ex

210 2148 287 2188 hoc
316 2148 410 2188 loco
441 2148 619 2202 Gorgiae
648 2153 801 2202 patrem
830 2149 1047 2191 Philolaum
1076 2154 1117 2191 et
1138 2150 1384 2204 Protagorae
1403 2150 1675 2191 Democritum

212 2220 335 2261 fuisse
368 2221 561 2276 collegit,
596 2231 822 2274 quanquam
853 2233 905 2262 eo
943 2233 989 2263 se
1021 2222 1152 2275 decipi
1182 2223 1292 2276 passi
1320 2227 1412 2263 sunt
1445 2223 1563 2264 etiam
1593 2223 1677 2272 alii,

215 2297 292 2333 tam
323 2294 479 2347 ineptus
510 2297 600 2345 est,
638 2297 680 2334 ut
710 2305 827 2347 quem
858 2293 909 2335 de
936 2294 1181 2349 Protagorae
1210 2299 1324 2348 patre
1354 2294 1562 2335 disserens
1589 2305 1679 2334 me-

211 2377 410 2407 morarem
441 2366 605 2424 dignum
637 2378 720 2407 non
754 2367 959 2408 haberem.
1017 2367 1108 2419 Sed·
1131 2368 1305 2419 fuerunt,
1333 2369 1400 2423 qui
1419 2368 1678 2421 Protagoram

210 2442 252 2477 et
280 2438 468 2491 Gorgiam
507 2438 728 2492 discipulos
771 2439 919 2492 opponi
959 2440 1162 2493 magistris
1202 2440 1416 2482 crederent
1443 2436 1676 2482 Democrito

208 2514 249 2551 ct
287 2508 478 2551 Philolao.
537 2510 649 2560 Quae
692 2512 893 2565 oppositio
932 2512 1040 2554 hona
1083 2525 1184 2554 sane
1215 2525 1265 2555 ac
1302 2512 1513 2555 commoda
1550 2518 1674 2567 esset,
1737 2522 1739 2524 ·

207 2582 425 2623 dummodo
454 2581 595 2624 eadem
624 2596 735 2626 vera.
794 2584 1010 2625 Philolaum
1038 2586 1144 2626 enim
1175 2597 1258 2626 non
1286 2586 1411 2627 fuisse
1440 2586 1481 2626 in
1496 2586 1673 2641 Gorgiae

204 2654 457 2697 auditoribus
491 2660 648 2697 constat
665 2658 734 2708 *):
760 2657 811 2698 de
839 2658 1060 2712 Protagora
1092 2663 1132 2699 et
1162 2659 1394 2700 Democrito
1420 2658 1564 2700 dictum
1594 2663 1670 2700 est.

308 2773 355 2817 ⁴*)
386 2771 463 2807 Vid.
507 2771 704 2807 Boeckhius
747 2774 823 2808 libri
864 2774 908 2809 de
942 2774 1090 2809 Philolai
1128 2775 1270 2820 placitis<
1302 2777 1488 2821 conscripti
1532 2787 1567 2821 p.
1603 2777 1668 2810 11:

204 2819 506 2866 „Niclitswiirdige
531 2820 700 2864 Angaben
732 2821 817 2855 uber
851 2822 1028 2856 Philolaus
1060 2823 1147 2864 [und
1172 2823 1288 2867 Lysis)
1323 2824 1398 2858 sind
1432 2823 1522 2858 noch
1553 2824 1669 2857 diese':

200 2867 374 2902 Philolaus
401 2867 452 2903 sci
480 2866 543 2902 der
567 2867 697 2902 Lem-er
722 2867 782 2903 des
809 2868 951 2914 Gorgias
980 2880 1172 2916 gewesen3*
1206 2872 1276 2905 wie
1300 2881 1378 2907 man
1406 2881 1468 2906 aus
1491 2871 1578 2914 den,
1613 2870 1668 2905 al-
