1871 3204
820 151 881 158 —
951 144 990 169 xlff
1063 150 1124 159 ——-

243 257 498 321 quirendis
554 274 753 321 operam
812 266 989 305 navant
1039 275 1140 304 non
1197 255 1445 304 advertere
1500 254 1704 321 animos.

244 340 340 390 Sed
385 350 646 404 postquam
691 340 941 387 universae
989 340 1315 403 sophistarum
1362 336 1706 401 philosophiae

245 433 463 470 naturam
497 422 720 487 Hegelius
754 425 818 470 ita
855 422 1093 486 exposuit,
1125 431 1177 468 ut
1214 438 1313 485 quo
1352 421 1501 484 magis
1536 420 1596 467 ab
1620 419 1702 466 illo

242 505 527 552 recedamus
563 523 622 553 eo
659 507 848 569 longius
882 522 910 552 a
944 522 1059 552 vero
1096 505 1319 552 aberrare
1354 502 1622 564 videamur,
1657 510 1706 547 et

244 605 353 635 cum
390 587 669 636 Welckerus
713 589 959 636 luculento
1005 589 1087 635 illo
1125 587 1321 635 Prodici
1363 585 1584 648 exemplo
1619 601 1703 631 ve-

243 688 344 716 ram
382 671 663 718 condiderit
697 671 759 717 de
796 671 993 734 singulis
1027 669 1258 733 sophistis
1295 666 1599 732 disquirendi
1625 682 1704 714 ra-

241 753 460 800 tionem:
513 755 705 817 iniquas
758 755 869 800 istas
920 754 1142 800 omnium
1185 752 1272 816 qui
1316 751 1562 815 sophistae
1612 766 1704 797 no-

242 837 375 882 mine
408 837 547 899 vulgo
584 836 1073 900 comprehenduntur
1106 835 1526 896 obtrectationes,
1547 850 1704 897 quan-

242 936 392 982 quam
449 920 593 968 etiam
638 937 768 967 nunc
795 921 991 984 *passim
1049 919 1349 979 audiuntur,
1402 927 1568 965 tamen
1614 932 1703 981 pe-

243 1018 330 1047 nes
377 1019 501 1065 quos
552 1002 785 1049 iudicium
833 1012 905 1049 est
938 1003 1032 1049 iam
1073 1019 1219 1049 nemo
1256 1009 1504 1061 moratur,
1544 999 1704 1047 since-

243 1085 555 1147 rioribusque
594 1086 1052 1147 examinationibus,
1088 1085 1255 1148 quales
1279 1086 1393 1131 sunt
1411 1082 1569 1131 Caroli
1603 1082 1704 1129 Fri-

242 1168 392 1215 derici
441 1169 738 1230 Hermanni,
789 1169 1003 1217 Eduardi
1038 1169 1261 1230 'Zelleri.,
1313 1168 1547 1229 aliorum,
1595 1167 1704 1214 illae

240 1251 438 1297 tandem
476 1252 781 1299 obsolescere
812 1252 1116 1316 inceperunt.

373 1335 542 1398 Neque
579 1336 664 1399 qui
688 1336 1021 1399 Protagoram,
1053 1335 1322 1399 sophistam
1358 1332 1591 1381 Cicerone
1625 1334 1701 1380 iu-

240 1416 349 1463 dice
387 1418 511 1465 illius
550 1419 789 1482 temporis
821 1419 896 1465 vel
932 1418 1227 1480 maximum,
1269 1418 1362 1465 sibi
1391 1416 1699 1464 tractandum

240 1501 500 1562 sumpserit
545 1517 648 1546 rem
686 1510 841 1547 actam
888 1518 1028 1565 agere
1080 1501 1284 1548 videtur.
1355 1500 1519 1564 Quam
1568 1500 1699 1547 enim

239 1582 485 1641 Novorum
524 1583 755 1631 Actorum
792 1585 1035 1632 societatis
1049 1584 1548 1632 Rheno-Traiectinae
1567 1591 1703 1646 parte

240 1665 451 1712 secunda
486 1683 616 1713 anno
657 1670 805 1714 1823.
853 1667 1008 1714 edidit
1042 1668 1246 1713 lacobus
1281 1666 1473 1712 Geelius
1525 1666 1702 1712 »histo-

241 1748 362 1794 riam
396 1749 613 1796 criticam
649 1750 978 1814 sophistarum
1017 1751 1102 1814 qui
1133 1749 1343 1797 Socratis
1377 1758 1531 1797 aetate
1552 1749 1701 1796 Athe—

242 1832 315 1877 nis
348 1833 679 1893 floruerunt«,
713 1850 798 1895 ea,
833 1835 872 1879 si
905 1835 1055 1880 ullum
1094 1850 1316 1897 unquam
1352 1849 1529 1879 munus
1563 1832 1701 1896 quod

241 1923 374 1960 certo
412 1913 718 1979 definitoque
751 1920 988 1979 temporis
1019 1918 1175 1980 spatio
1211 1915 1562 1964 absolvendum
1601 1914 1703 1962 erat

242 1998 514 2061 (proposita
545 2000 674 2045 enim
707 2008 809 2045 erat
833 1999 956 2046 haec
982 1999 1201 2063 quaestio
1235 2015 1332 2063 qua
1368 1999 1418 2046 in
1451 1998 1703 2068 tractandj

243 2080 304 2127 de
340 2083 562 2144 praemio
604 2087 1012 2144 concertaretur),
1044 2084 1386 2130 tumultuariae
1430 2100 1572 2130 curae
1609 2100 1702 2129 no·—

241 2164 299 2209 tis
332 2165 516 2227 signata
551 2175 622 2212 est
650 2167 1062 2219 manifestissimis.
1132 2165 1283 2226 Quod
1318 2169 1445 2214 enim
1481 2165 1543 2213 ad
1581 2167 1703 2214 Pro-

240 2256 456 2310 tagoram
494 2248 677 2303 attinet,
715 2248 908 2296 Geelius
945 2266 1055 2297 cum
1092 2248 1156 2309 de
1191 2249 1294 2296 aliis
1329 2250 1474 2297 rebus
1497 2266 1703 2313 magno-

241 2347 356 2394 pere
376 2330 568 2379 videtur
588 2349 784 2395 errasse,
820 2343 924 2381 tum
963 2335 1011 2382 in
1046 2334 1293 2398 sophistae
1330 2343 1485 2382 aetate
1519 2334 1703 2382 descri-

242 2414 401 2462 benda
435 2425 568 2463 tanta
602 2434 713 2463 cum
739 2418 1029 2482 negligentia
1050 2427 1262 2465 versatus
1280 2424 1350 2465 est
1371 2419 1444 2465 vir
1470 2419 1702 2483 egregiuS‚

240 2506 295 2543 ut
312 2497 459 2545 fidem
500 2498 715 2547 excedat.
786 2502 944 2565 Atque
978 2502 1184 2549 omnino
1223 2502 1288 2549 ob
1331 2502 1560 2549 materiae
1596 2519 1703 2550 am·-

240 2581 531 2643 plitudinem
579 2584 879 2647 singulorum
917 2585 1245 2647 sophistarum
1285 2585 1563 2632 tractationi
1601 2602 1702 2652 non

243 2680 349 2709 eam
372 2681 500 2727 quae
520 2683 648 2713 nunc
682 2666 985 2714 desideratur
1020 2667 1270 2731 impertire
1302 2669 1462 2733 potuit
1496 2668 1703 2734 diligen-

239 2749 374 2794 tiam.
445 2747 717 2804 Ludovicus
753 2750 1085 2798 Ferdinandus
1118 2753 1366 2799 Herbstius
1401 2762 1580 2815 autem,
1615 2754 1700 2816 qui

241 2830 405 2878 libelli*
450 2832 527 2879 cui
574 2832 858 2896 inscriptum
907 2844 976 2881 cst
1029 2835 1699 2899 Philologisch-historische
