1871 3204
757 133 1111 179 -124—

213 257 401 310 χαλεπὸν
429 255 550 299 ἐσλὸν
579 254 768 309 ἔμμεναι.
828 257 945 307 Quod
977 257 1226 308 Simonides,
1252 258 1400 310 inquit,
1433 263 1474 301 ut
1502 262 1660 301 everte..

206 335 297 380 ret,
328 340 485 369 carmen
527 327 577 368 de
607 339 685 380 quo
717 329 848 381 agitur
887 329 1134 381 composuit:
1178 328 1434 372 intellexerat>
1458 331 1591 382 enim3
1620 331 1656 372 si

206 402 293 453 viri,
324 400 388 453 qui
418 404 496 441 tam
524 400 685 454 sapiens
717 400 901 453 serretur,
929 401 1165 442 sententiam
1196 400 1333 442 falsam
1358 412 1457 443 ‘esse
1484 401 1656 444 demon-

208 477 385 524 strasset,
417 484 462 514 se
485 474 610 526 ipsum
642 474 851 514 maximam
879 473 1035 514 taudem
1065 478 1348 517 assecuturum.
1404 473 1533 526 Atque
1557 484 1654 515 esse

205 557 250 588 re
277 557 373 587 vera
405 547 594 588 carminis
625 558 712 588 eam
742 559 859 601 quam
898 546 981 601 dixi
1019 547 1240 598 rationem,
1282 545 1448 601 singulis
1484 543 1655 588 demon-

203 618 353 657 strabo.
411 617 493 661 lam
532 620 619 670 ipso
660 619 771 659 initio
811 618 1000 659 non-alio
1038 618 1206 659 consitio
1237 618 1381 671 primis.
1400 618 1534 658 verbis
1574 620 1652 670 μέν

202 689 463 742 interponere
491 691 628 742 potuit,
663 702 778 744 quarn
806 695 849 744 ut
867 691 1005 732 Pittaci
1037 691 1181 732 dictum
1212 702 1285 731 suo
1317 691 1536 744 oppositum
1560 697 1653 730 esse

200 761 414 801 indicaret.
445 761 650 814 Nunquam
664 762 769 802 enim
798 763 877 814 μέν
906 762 1095 814 particula
1110 762 1160 802 ad
1180 773 1295 803 unam
1313 765 1459 802 tantum
1480 762 1652 814 pertinet

208 834 475 884 sententiam,
512 832 585 874 sed
622 845 781 887 semper
809 838 876 875 aut
904 833 1033 886 planis
1061 834 1196 875 verbis
1228 838 1293 876 aut
1321 833 1564 888 cogitatione
1589 832 1654 874 al·-

199 910 291 945 tera
320 909 381 945 est
411 906 604 958 opposita.
660 905 717 946 lta
747 906 825 946 boc
853 906 945 947 ioco
977 917 1066 946 cum
1094 905 1264 947 Pittacus
1295 907 1495 947 statuisset
1522 908 1663 958 χαλε.4

197 975 277 1018 miv
305 965 425 1018 ἐσλόν
454 974 658 1030 ὲᾷιιμεναι,
688 976 916 1019 Simonides
945 977 1179 1030 respondit:
1209 977 1331 1018 Immo
1358 971 1458 1034 fieri
1476 977 1649 1030 quidem,

202 1048 398 1099 γενέσθαι
438 1049 547 1101 μέν,
585 1049 711 1090 virum
743 1048 890 1090 bonum
929 1048 1089 1090 difficile
1127 1052 1189 1089 est
1226 1061 1271 1089 re
1302 1055 1428 1101 vera,
1463 1044 1649 1107 χαλεπὸν

198 1120 410 1168 ,α’λαθέως,
439 1131 521 1161 uon
550 1133 648 1162 vero
677 1133 779 1173 esse,
811 1120 1001 1173 ἔμμεναι.
1057 1119 1115 1162 lta
1144 1126 1184 1162 et
1212 1121 1290 1173 μέν
1319 1132 1392 1163 suo
1419 1121 1516 1162 ioco·
1536 1120 1652 1174 posi-

198 1196 278 1232 tum
302 1196 364 1231 est
381 1196 421 1233 et
441 1192 648 1247 ἀλαθέως,
676 1193 781 1248 quod
801 1205 900 1234 cave
916 1205 968 1234 ne
984 1194 1204 1247 coniungas
1234 1205 1321 1235 cum
1342 1191 1518 1246 ἀγαθόν,
1549 1204 1652 1246 qua-

196 1264 231 1304 si
261 1264 326 1304 alii
354 1268 490 1307 essent
519 1261 701 1320 homines
727 1278 823 1306 vere
850 1266 946 1306 boni
965 1296 977 1315 ‚
1016 1265 1082 1306 alii
1118 1266 1212 1307 boni
1239 1265 1420 1320 quidem,
1461 1265 1534 1306 sed
1565 1276 1648 1305 non

198 1336 336 1387 eidem⁴
359 1348 456 1376 vere
485 1336 608 1377 boni:
657 1338 696 1378 id
739 1338 845 1377 enim
875 1341 985 1378 esset
1014 1339 1186 1391 ineptum
1226 1349 1303 1379 nec
1341 1336 1544 1380 Simonide
1581 1336 1648 1376 di-

195 1419 331 1461 gnum.
362 1433 416 1463 -.-·
453 1409 584 1462 Atque
622 1410 784 1451 omnino
816 1422 944 1451 meam
983 1411 1016 1451 si
1052 1410 1254 1463 amplexus
1284 1411 1364 1451 eris
1392 1409 1644 1459 sententiam,

199 1483 332 1522 omnia
364 1482 512 1534 optime
550 1493 776 1536 congruere
812 1469 982 1523 videbis.
1017 1482 1117 1533 ¹Sed
1156 1495 1243 1523 curn
1287 1483 1439 1536 singula
1468 1494 1648 1535 quaeque

198 1564 313 1605 quam
346 1554 548 1606 aptissime
569 1565 617 1595 se
644 1553 818 1594 habeant
846 1554 1121 1609 demonstrare
1149 1554 1308 1607 longum
1336 1556 1400 1605 sit,
1426 1555 1649 1595 sententia-

196 1630 286 1664 rum'
315 1636 459 1665 nexum
490 1637 539 1665 ac
559 1625 746 1665 tenorem
773 1626 911 1677 paucis
939 1636 1148 1677 exponam.
1203 1625 1272 1665 Eis
1300 1625 1418 1679 igitur
1448 1636 1550 1678 quae
1578 1636 1649 1666 se-

197 1701 367 1747 quuntur
397 1696 557 1737 difficile
586 1696 743 1749 quidem
776 1697 831 1737 ait
858 1697 983 1737 virum
1012 1697 1098 1737 fieri
1127 1696 1298 1738 bonum:
1341 1700 1456 1750 potes
1487 1697 1646 1750 quidem

193 1768 295 1820 fieri,
324 1769 397 1808 sed
427 1769 466 1809 i'n
496 1770 619 1809 breve
650 1773 797 1809 tantum
829 1770 1021 1822 temporis
1049 1770 1227 1822 spatium.
1285 1769 1412 1818 Quum
1442 1781 1540 1810 vero
1570 1780 1644 1809 se‘-

197 1840 278 1882 mel
316 1840 446 1881 factus
480 1841 560 1882 eris
599 1840 753 1893 bonus,
792 1842 833 1881 in
877 1840 955 1882 hae
991 1841 1224 1882 conditione
1260 1853 1495 1894 permanere
1536 1845 1654 1894 atque

195 1924 289 1954 esse
316 1912 465 1954 honum
496 1924 578 1954 non
605 1914 777 1954 hominis
807 1917 869 1954 est
896 1902 973 1954 sed*
999 1913 1195 1955 deorum:
1230 1908 1365 1971 ἄιςδρα
1396 1913 1437 1954 δ’
1462 1912 1537 1953 ov’x
1558 1911 1647 1954 ἔστι

195 1981 254 2038 μή
300 1985 352 2026 ου
395 1983 523 2026 κακόν
561 1983 770 2050 ἐζιιμεναι,
818 1984 864 2027 ὃν
893 1981 944 2026 ἂν
980 1983 1199 2040 ἀμήχανος
1235 1984 1436 2040 συμφορὰ
1480 1987 1650 2042 καθέλῃ.

197 2057 324 2105 Quem
355 2069 453 2098 vero
484 2052 690 2110 καθαιρεῖ
712 2057 929 2111 ἀμήχανος
959 2055 1197 2111 συμφοραῖ
1251 2057 1300 2098 Ut
1335 2069 1416 2098 non
1448 2057 1512 2110 qui
1541 2058 1647 2098 iacet

196 2129 391 2182 deficitur,
423 2129 495 2170 sed
526 2129 591 2183 qui
621 2133 699 2171 stat
731 2155 788 2162 --
819 2129 884 2183 qui
915 2130 1019 2170 enim
1049 2130 1169 2180 iacet,
1192 2129 1226 2170 is
1256 2129 1332 2170 iam
1365 2129 1482 2171 deiici
1509 2130 1645 2183 nequit

199 2220 273 2242 -ι
302 2204 356 2244 ita
391 2200 607 2256 ἀμήχανος
633 2203 719 2244 fieri
753 2214 833 2243 non
864 2206 998 2255 potest
1030 2203 1107 2243 nisi
1140 2203 1205 2256 qui
1233 2203 1468 2257 εὐμήχανος
1499 2203 1582 2255 suit,
1605 2208 1648 2245 ut

195 2278 315 2327 poeta
345 2274 505 2328 quidam
537 2274 658 2315 fecit:

308 2344 459 2398 Av'roi9
492 2343 598 2401 α’νήρ
619 2343 793 2399 ἀγαθὸς
823 2345 913 2386 τότε
941 2346 1019 2397 μὲν
1044 2345 1181 2397 κακός,
1212 2339 1358 2385 ἄλλοτε
1390 2345 1431 2384 δ’
1458 2343 1619 2392 ἐσθλός.

197 2416 308 2468 (vm.
351 2416 535 2471 Xenoph.
575 2417 743 2460 Memor.
783 2417 850 2458 lib.
880 2416 912 2460 1.
942 2429 1028 2471 cap.
1059 2417 1105 2459 11.
1150 2423 1188 2469 §-
1220 2415 1477 2467 20.):ma10
1519 2422 1648 2461 autem

193 2490 283 2531 fieri
316 2490 393 2530 iam
421 2502 501 2531 non
527 2491 647 2543 licet,
692 2492 783 2545 quia
812 2491 889 2531 iam
918 2490 1045 2532 malus
1071 2493 1146 2531 est.
1203 2488 1337 2529 Bonus
1364 2489 1483 2544 igitur
1511 2495 1551 2531 et
1579 2502 1649 2532 sa-

195 2564 311 2617 piens
339 2563 403 2604 vir
431 2574 511 2602 non
542 2568 674 2615 potest
701 2576 783 2606 non
812 2564 899 2604 fieri
928 2552 1070 2614 malim,
1099 2559 1272 2603 ἐπειδάν
1300 2559 1517 2616 ἀμήχανος
1540 2578 1648 2615 συμ..

196 2632 311 2691 φορὰ
342 2633 517 2690 καθέλῃ.
573 2635 628 2675 Tu
659 2636 816 2689 quidem
834 2667 847 2687 ‚
876 2647 901 2677 o
931 2636 1095 2690 Pittace,
1125 2632 1285 2686 difficile
1315 2634 1415 2676 dicis
1447 2646 1539 2676 esse
1572 2635 1653 2676 bo-

194 2719 318 2751 num:
352 2700 474 2748 immo
500 2706 592 2758 fieri
621 2712 680 2748 est
710 2708 894 2760 difficile,
934 2720 1024 2748 esse
1051 2717 1148 2747 vero
1178 2705 1304 2748 bonus
1333 2708 1494 2748 omnino
1524 2706 1652 2748 nullus

200 2779 321 2820 homo
350 2780 495 2832 potest.
558 2776 737 2832 Πράξας
766 2782 843 2831 μὲν
871 2777 952 2835 γὰρ
984 2774 1033 2820 εὖ
1061 2779 1143 2826 πᾶς
1171 2776 1275 2832 α’νὴρ
1304 2776 1490 2833 dyo-964,
1527 2777 1651 2828 κακὸς

201 2853 236 2891 δ’
269 2853 308 2892 εἰ
334 2840 482 2901 Υκακῶς.
511 2852 551 2896 Si
573 2853 660 2906 quis
681 2852 743 2893 vel
775 2853 957 2906 temporis
990 2853 1116 2905 spatio
1137 2852 1198 2892 vel
1230 2852 1367 2893 morbo
1403 2850 1533 2904 atiquo
1566 2851 1650 2894 sive
