1871 3204
867 148 1194 194 —80—

296 272 405 327 quod
447 272 691 327 Protagorae
722 270 975 325 philosophia
1006 282 1059 313 ex
1086 270 1324 314 Heracliteis
1359 272 1490 326 potius
1523 284 1639 329 quam
1670 272 1776 314 De-’

292 345 498 386 mocriteis
536 342 713 384 fontibus
753 344 974 384 derivanda
1012 344 1075 384 sit.
1139 344 1238 384 Nam
1276 355 1365 383 cum
1406 345 1567 386 Geelius
1605 344 1759 397 aliique*

289 415 431 457 fabulis
460 415 549 456 istis
581 422 685 469 quae
726 419 819 456 sunt
859 414 910 457 de
937 414 1156 470 Protagora
1197 414 1331 457 baiulo
1360 415 1658 472 Democritique
1689 416 1754 458 di-

285 488 440 541 scipulo
476 487 596 528 fidem
635 487 860 537 haberent,
907 500 1053 528 annum
1096 488 1447 541 quovProtagoras
1488 492 1606 529 natus
1634 485 1754 530 <esset

281 563 375 613 post
400 559 622 601 Democriti
649 563 778 601 ortum
808 558 965 601 referre
984 559 1268 614 ¹cogebantur3
1298 572 1377 615 quo
1408 559 1554 614 sactum
1582 564 1668 613 est,
1703 549 1751 603 vut

224 673 226 675 ,
282 633 349 673 alii
378 632 627 686 Protagorae
657 637 826 674 aetatem
860 633 900 673 in
929 637 1111 686 tempore
1134 632 1241 685 quod
1269 637 1436 685 possent
1467 632 1749 673 recentissimo

280 705 553 756 collocarent,
592 705 660 746 alii
689 705 961 747 Democritum
992 705 1032 747 in
1062 705 1270 758 superiora
1300 708 1481 759 tempora
1512 716 1628 759 quam
1659 717 1749 746 maa-

279 779 388 819 xime
427 779 716 838 reprimerent,
756 781 799 818 ut
827 778 1028 831 neglectis
1057 778 1122 818 vel
1153 778 1389 818 certissimis
1419 782 1598 818 veterum
1630 777 1747 818 testi-

278 850 427 891 moniis
467 848 569 889 fides
607 848 895 890 conciliaretur
934 849 1106 891 fabellis.
1166 850 1273 899 Quas
1302 850 1518 892 nos‘nihili
1551 849 1748 892 facientes

280 922 542 975 Protagoram
571 921 804 961 Democrito
835 921 977 974 viginti
1008 922 1124 961 annis
1157 923 1348 962 maiorem
1378 922 1597 972 statuimus,
1626 922 1747 975 idque

280 993 519 1046 scriptorum
547 991 649 1034 locis
680 992 765 1033 nixi
792 992 891 1033 satis
919 992 1053 1034 firmis.
1112 992 1244 1047 Atque
1273 1005 1380 1035 nunc
1409 1006 1459 1035 eo
1487 994 1635 1035 rectius
1654 993 1749 1035 illud

280 1066 432 1107 fecisse
476 1065 690 1116 videmur,
732 1076 811 1118 quo
850 1066 980 1118 magis
1024 1066 1281 1120 Democritea
1329 1066 1548 1119 desciplina
1588 1067 1749 1107 minime

281 1150 384 1193 opus
412 1149 506 1180 esse
546 1138 598 1179 ad
627 1129 873 1193 Protagorae
915 1138 1210 1192 philosophiam
1252 1138 1528 1192 explicandam
1573 1144 1748 1193 apparet.

394 1210 607 1261 Quomodo
627 1214 758 1252 autem
779 1223 831 1252 ex
850 1211 1028 1252 motione
1054 1222 1200 1253 sensus
1227 1223 1375 1265 resque
1401 1211 1616 1253 sensibiles
1642 1212 1750 1263 fiant,

283 1270 363 1325 iam
391 1283 615 1325 videamus.

960 1421 1001 1466 §-
1034 1417 1072 1458 2.

239 1491 284 1579 ,fs
395 1500 460 1564 IV,
523 1520 608 1576 Τῆς
647 1521 694 1562 δὲ
740 1517 939 1574 κινήσεως
981 1519 1058 1562 δύο
1099 1518 1224 1575 εἴδη,
1272 1522 1423 1575 πλήθει
1464 1525 1542 1572 μὲν
1578 1517 1750 1576 ἄπειρον

282 1591 498 1647 ἑκάτερον,
530 1593 710 1644 δύναμιν
740 1593 787 1633 δὲ
815 1591 862 1633 τὸ
881 1594 961 1645 μὲν
980 1597 1113 1633 ποιεῖν
1138 1589 1252 1646 ἔχον,
1282 1592 1326 1634 τὸ
1345 1594 1391 1634 δὲ
1407 1591 1602 1651 (relaxent.
1619 1619 1672 1627 ——
1691 1591 1747 1635 Τό

279 1666 325 1707 τὲ
368 1681 449 1707 τινι
491 1663 696 1716 §vuambae
736 1664 811 1706 καί
850 1667 998 1705 ποιοῦν
1039 1660 1151 1721 ἄλλῳ
1197 1661 1256 1705 αὖ
1299 1663 1538 1718 προσπεσὸν
1584 1666 1749 1718 πάσχον

174 1726 181 1738 r
282 1735 486 1793 ανεφὰνη.

282 1831 447 1872 Theaet.
491 1842 584 1884 pag.
626 1829 718 1871 156.
754 1830 815 1882 A,
858 1829 951 1894 157.
980 1830 1030 1871 A.
1068 1857 1122 1865 —
1170 1830 1392 1872 Universae
1434 1831 1624 1873 motionis
1669 1831 1747 1873 du-

280 1893 461 1959 plex'est
483 1896 647 1955 natura,
675 1891 807 1944 actIVa
837 1893 878 1944 et
903 1904 1077 1957 passiva.
1133 1903 1297 1945 Alterae
1325 1905 1430 1945 enim
1461 1905 1641 1945 continui
1667 1904 1748 1945 flu·-

276 1987 355 2018 xus
386 1978 541 2017 formae
571 1976 626 2016 ita
654 1986 701 2016 se
731 1979 922 2027 movent,
960 1979 1004 2016 ut
1032 1976 1074 2016 in
1104 1956 1204 2026 eas,
1232 1975 1464 2029 quibuscum
1496 1987 1748 2031 congressae

280 2049 384 2100 sint,
422 2049 503 2090 vim
533 2046 733 2101 quandam
762 2046 962 2098 habeant3
1007 2048 1085 2088 hae
1115 2048 1229 2101 ipsae
1260 2059 1360 2088 vero
1400 2050 1483 2100 ita,
1524 2052 1567 2088 ut
1593 2046 1746 2089 illarum

280 2122 359 2162 vim
389 2121 602 2175 patiantur.
633 2145 690 2153 -
720 2119 837 2169 Quod
869 2119 1028 2173 quidem
1062 2131 1115 2160 ne
1145 2120 1199 2160 ita
1227 2120 1453 2173 intelligas,
1493 2124 1537 2161 ut
1580 2119 1745 2162 aliarum

280 2206 413 2244 rerum
442 2205 602 2247 semper
630 2205 720 2234 eam
748 2204 841 2234 esse
867 2196 982 2246 putes
1021 2192 1210 2234 motionis
1250 2191 1446 2243 sormam,
1484 2197 1528 2233 ut
1559 2194 1637 2234 vim
1670 2192 1748 2234 ha-

280 2267 415 2319 beant,
442 2266 608 2308 aliarum
634 2276 808 2319 semper,
839 2269 884 2307 ut
911 2253 1134 2318 patiantur:
1163 2264 1238 2306 sed
1267 2277 1408 2306 omnes
1433 2267 1638 2318 utriusque
1657 2277 1747 2307 mo-

278 2340 400 2379 tionis
429 2339 645 2392 participes
686 2349 780 2379 esse
818 2341 1014 2390 possunt:
1055 2341 1099 2378 ut
1130 2348 1233 2390 quae
1276 2338 1318 2378 in
1358 2341 1506 2378 certam
1547 2334 1746 2390 quandam

280 2422 367 2452 rem
393 2411 471 2453 vim
502 2414 706 2462 exerceat,
736 2422 826 2452 cum
854 2409 931 2452 alia
965 2421 1189 2464 congressa
1217 2411 1375 2463 patiens
1403 2411 1467 2451 sit.
1523 2408 1581 2450 Ita
1604 2410 1743 2451 oculus

280 2484 359 2532 rei,
389 2495 505 2537 quam
535 2484 623 2537 ipse
651 2483 775 2535 videt,
804 2483 883 2524 vim
912 2484 1070 2536 patitur,
1099 2482 1150 2524 ab
1177 2482 1256 2524 alio
1287 2487 1419 2524 autem
1446 2482 1609 2526 homine
1635 2482 1746 2525 visus

278 2556 386 2599 idem
416 2555 458 2596 in
488 2555 593 2597 illius
626 2556 784 2598 oculum
814 2556 895 2597 vim
925 2555 1062 2598 habet.

403 2655 451 2697 V.
505 2652 583 2697 'Eae
612 2655 658 2696 δὲ
699 2657 773 2710 τῆς
813 2654 974 2698 τούτων
1016 2654 1186 2708 ὅμιλιάς
1223 2669 1266 2696 τε
1304 2655 1377 2695 καί
1413 2658 1596 2708 τρίψεως
1640 2652 1747 2710 πρὸς

278 2723 440 2785 ἄλληλα
480 2724 659 2782 γίγνεται
687 2725 830 2782 ἔκγονα
861 2725 1017 2783 πλήθει
1047 2729 1126 2781 μὲν
1166 2723 1351 2780 ἄπειρα,
1394 2726 1554 2779 δίδυμα
1582 2725 1657 2778 δέ,
1694 2723 1741 2768 τό

279 2802 360 2854 μὲν
388 2798 623 2854 αἰσθητόν,
649 2796 694 2840 τὸ
728 2800 774 2840 δὲ
803 2798 1002 2855 αἴσθησις
1033 2797 1105 2841 αἐἰ
1131 2799 1468 2841 συνεκπίπτουσα
1500 2797 1573 2838 καί
1596 2813 1747 2852 γεννω-

279 2873 385 2928 μένη
414 2870 628 2925 andron?
665 2870 887 2926 αἰσθητοῦ.
946 2870 991 2913 αἱ
1027 2872 1105 2926 μὲν
1143 2865 1218 2913 οὖν
1256 2869 1478 2927 αἰσθήσεις
1520 2873 1574 2912 τὰ
1610 2869 1748 2913 τοιάδε
