1871 3204
755 136 827 171 7-
899 113 1095 174 ⁵6-

203 239 458 293 Herbstium,
503 240 773 288 Petersenium
804 239 913 281 Plato
937 240 1041 281 Men.
1069 251 1161 308 pag.
1184 239 1252 282 91.
1278 240 1335 282 8:
1381 237 1671 295 Πρωταγόρας

203 314 251 356 δὲ
281 309 367 366 ἄρα
397 308 495 365 ὅλην
523 308 599 365 τὴν
636 310 815 354 Ἑλλάδα
854 312 1062 354 ἐλάνθανε
1102 313 1367 374 διαφθείρων
1402 315 1501 361 vatic
1525 328 1671 367 ovyyo.
1751 312 1754 315 ⁴

202 385 426 439 γνομένους
443 384 516 431 κατ’
537 384 886 438 μοχθηροτέρως
905 384 1162 436 ἀποπέμπων
1183 379 1210 438 ἦ
1228 381 1528 437 παρελάμβανε
1547 387 1674 427 πλέον

200 452 228 509 ἢ
256 451 560 508 τετταράκοντα
589 453 676 510 ἔτη.
735 451 855 508 οἶμαι
893 454 975 509 γὰρ
1018 455 1149 497 αὐτὸν.
1185 444 1416 497 α’ποθανὲῖν
1446 453 1569 509 ἐγγύς
1596 456 1669 513 κου’

199 523 482 581 ἑβδομήκοντα
509 524 580 582 ἔτη
609 524 822 582 γεγονότα,
851 526 1152 583 τετταράκοντα
1178 528 1224 570 δὲ
1255 529 1300 569 ἐν
1330 544 1377 585 τῃ
1405 529 1526 584 τέχνῃ
1549 522 1667 570 ὅντα·

196 601 269 639 καί
297 599 341 639 ἐν
369 595 527 640 ἅπαντι
568 600 628 655 τῷ
664 594 808 657 χρόνῳ
845 601 977 657 τούτῳ
1017 597 1078 641 ἔτι
1108 600 1168 649 εἰς
1196 598 1271 654 τὴν
1305 599 1468 653 ἡμέραν
1494 601 1669 653 ταυτηνὶ

196 665 435 722 εὐδοκιμῶν
472 669 599 711 ου’δὲν
638 672 869 718 πέπαυται,
908 698 962 706 -
1010 676 1051 713 et
1088 671 1360 725 Apollodorus
1404 671 1509 725 apud
1544 671 1666 725 Diog.

192 742 326 784 Laert.
355 742 423 783 lib.
452 741 521 784 IX.
564 740 606 794 5.
633 742 708 783 56:
748 741 1074 796 Ἀπολλόδωρος
1111 744 1158 785 δέ
1194 758 1323 798 φησιν
1362 741 1664 796 ἐβδομήκοντα,

192 813 478 869 σοφιστεῦσαι
515 812 563 865 δὲ
598 812 905 867 τετταράκοντα
945 811 1042 868 ἔτη,
1082 816 1157 856 καί
1195 810 1399 867 ἀκμάζειν
1434 812 1553 856 κατὰ
1586 810 1665 867 τῆν

192 884 400 939 τετάρτην
433 886 507 926 κατ’
543 882 822 939 ὀγδοηκοστὴν
859 883 1118 937 ὄλυμπιάδα.
1186 887 1372 937 Proxime
1415 885 1665 940 praecedunt

193 956 342 998 verba:
375 950 506 999 Ἔνιοι
534 954 643 999 κατὰ
668 955 745 1012 τὴν
779 955 879 999 ὁδὸν
920 959 1176 1014 τελευτῆσαι
1203 955 1330 999 αὐτὸν
1355 955 1570 1011 βιώσαντα
1594 955 1667 1010 ἔτη

192 1028 296 1083 πρὸς
333 1027 386 1071 τὰ
431 1026 689 1084 ἐνενήκοντα.
749 1030 926 1079 Quorum
965 1030 1086 1071 ἐνίων
1126 1030 1432 1083 auctoritatem,
1485 1029 1667 1084 quam-vis

194 1101 313 1143 nullis
360 1101 528 1143 aliorum
570 1107 752 1143 veterum
800 1104 1040 1156 scriptorum
1085 1103 1325 1158 testimoniis
1370 1103 1668 1153 confirmatam,

196 1174 297 1224 (nisi
326 1173 432 1217 forte
461 1172 719 1216 scholiastam
750 1174 955 1216 veteribus
985 1187 1251 1218 annumerare
1282 1175 1459 1217 volueris
1487 1174 1539 1216 ad
1568 1173 1664 1215 Plat.

193 1246 308 1300 Reip.
327 1247 396 1288 lib.
408 1247 459 1289 X.
480 1259 573 1302 pag.
590 1246 684 1289 600.
690 1247 720 1288 C
740 1247 819 1288 hoc
836 1247 1120 1289 adnotantem:
1150 1248 1410 1303 Ἐτελεύτησε
1425 1245 1669 1300 ναυαγήσας

191 1319 296 1360 ἐτῶν
329 1317 623 1374 ἐνενήκοντα),
652 1319 863 1361 Herbstius
890 1320 1049 1373 quidem
1079 1321 1156 1361 illis
1187 1321 1297 1362 ducit
1326 1319 1548 1373 potiorem.
1581 1315 1663 1372 e&

194 1389 351 1430 Platoni
395 1395 436 1430 et
467 1390 719 1443 Apollodoro
753 1392 985 1432 auctoribus
1024 1392 1161 1439 ἐνίους
1208 1393 1307 1432 istos
1338 1396 1379 1431 et
1406 1389 1664 1432 scholiastam

191 1461 437 1516 posthabere
476 1475 560 1505 non
599 1462 752 1505 dubito.
810 1464 907 1506 Nam
936 1466 972 1505 si
1001 1464 1088 1518 quis
1117 1466 1304 1515 omnino,
1344 1464 1457 1504 Plato
1483 1462 1662 1516 aequalis

190 1534 399 1587 sophistae
428 1534 688 1577 famosissimi
718 1547 784 1576 res
812 1540 994 1577 noverat.
1053 1536 1138 1578 Nec
1178 1536 1293 1577 locus
1330 1535 1423 1576 talis
1450 1539 1540 1587 est,
1583 1545 1661 1588 quo

189 1606 300 1647 Plato
333 1606 389 1647 oh
417 1612 566 1648 certam
610 1608 812 1661 quandam
845 1620 1007 1649 causam
1038 1612 1259 1660 temporum
1295 1609 1474 1648 rationes
1506 1606 1663 1660 {negle-

187 1680 300 1721 xisse
330 1679 412 1719 dici
439 1681 579 1735 possit.
620 1681 719 1722 Sunt
735 1680 920 1733 profecto
948 1679 1053 1720 haud
1084 1682 1136 1721 ita
1166 1692 1296 1733 pauca
1326 1679 1489 1731 indicia,
1516 1679 1660 1733 quihus

189 1756 385 1805 appareat
412 1752 642 1804 Platonem,
673 1754 815 1806 quippe
846 1754 912 1806 qui
941 1765 1021 1802 non
1051 1753 1091 1794 id
1124 1754 1277 1807 egerit,
1318 1758 1360 1793 ut
1386 1764 1453 1794 res
1482 1764 1556 1793 suo
1589 1764 1662 1793 or·-

191 1825 286 1866 dine
329 1829 544 1875 narraret,
590 1824 665 1865 sed
704 1829 768 1874 ut,
811 1837 976 1878 quarum
1006 1836 1269 1878 personarum
1298 1825 1339 1865 in
1368 1823 1538 1878 singulis
1568 1823 1663 1871 dia«-

189 1897 297 1951 logis
350 1897 503 1951 prima-e
555 1900 689 1950 partes
737 1902 902 1948 essent,
950 1909 1088 1939 earum
1138 1910 1274 1944 mores
1316 1902 1443 1950 *atque
1500 1897 1665 1950 ingenia

190 1973 384 2010 accurate
413 1973 454 2009 et
483 1980 535 2008 ex
566 1980 665 2010 vero
698 1969 832 2010 efficta
862 1970 1056 2011 lectorum
1089 1970 1233 2011 animis
1264 1972 1534 2022 proponeret,
1558 1980 1662 2023 gra-

189 2041 296 2083 viori
322 2039 417 2083 huic
448 2041 620 2082 consilio
661 2046 842 2096 tempora
880 2043 1072 2096 adaptare
1113 2041 1312 2084 interdum
1351 2040 1539 2095 religioni
1579 2052 1662 2083 non

190 2114 368 2155 duxisse.
425 2114 506 2155 Sed
534 2126 617 2156 non
645 2114 788 2156 eadem
820 2119 882 2155 est
911 2115 1029 2156 huius
1068 2115 1150 2156 loci
1193 2114 1399 2165 conditio,
1442 2124 1523 2167 quo
1551 2112 1660 2154 Plato

190 2185 310 2228 nudis
346 2185 482 2227 verbis
522 2186 699 2240 ingenue
735 2185 890 2240 profert
918 2186 968 2227 de
995 2187 1243 2240 Protagorae
1279 2190 1419 2227 aetate
1452 2184 1546 2239 quid
1583 2185 1662 2227 sihi

193 2257 426 2300 innotuerit.
486 2256 672 2299 Ceterum
702 2258 737 2299 si
764 2257 875 2299 Plato
909 2257 975 2299 hic
1002 2271 1209 2300 numerum
1241 2259 1329 2300 sive
1346 2258 1539 2312 maiorem
1563 2267 1661 2298 vero

190 2330 277 2372 sive
309 2331 506 2372 minorem
538 2330 675 2371 dicere
700 2331 920 2380 voluisset,
955 2333 1084 2383 magis
1128 2332 1168 2372 in
1201 2342 1288 2371 rem
1328 2325 1472 2370 fuisset
1509 2341 1661 2382 augere

194 2413 313 2456 quam
343 2403 548 2444 minuere:
587 2407 651 2454 ut,
696 2403 732 2444 si
771 2403 851 2443 iam
882 2403 1055 2445 Platonis
1088 2408 1266 2457 tempore
1298 2401 1377 2451 atii,
1409 2402 1664 2456 septuaginta

187 2485 319 2516 annos
358 2478 493 2515 natum
534 2487 558 2514 e
602 2475 683 2515 vita
723 2473 1003 2527 philosophum
1044 2475 1220 2516 cessisse
1261 2473 1545 2525 tradidissent,
1593 2474 1662 2515 alii

185 2544 431 2600 nonaginta,
466 2544 760 2599 posterioribus
799 2545 888 2588 siue
931 2545 1054 2589 dubio
1086 2545 1197 2590 Plato
1238 2546 1496 2587 assensisset.
1524 2570 1579 2584 -ν-
1608 2545 1661 2589 At

185 2621 293 2661 enirn
328 2618 465 2659 verbis
493 2619 657 2664 incertis
695 2619 828 2660 utitur.
859 2642 906 2650 —
949 2620 1049 2661 Sunt
1085 2620 1209 2659 verba
1252 2618 1547 2671 quodammodo
1593 2619 1659 2660 in.

186 2696 323 2734 certa:
355 2687 490 2744 οἶμαι,
518 2690 709 2733 Socrates
733 2692 877 2745 inquit,
904 2690 1033 2734 αὐτὸν
1066 2691 1309 2747 ἀποθανεῖν,
1340 2703 1425 2734 non
1457 2691 1658 2733 ἀπέθανε.

185 2764 268 2807 Sed
298 2765 385 2817 quis
414 2763 618 2805 Platonem
648 2765 852 2817 sophistae
880 2765 923 2806 in-
948 2764 1086 2817 primis
1118 2765 1260 2805 aetatis
1293 2760 1397 2805 illius
1425 2763 1590 2816 ingenio
1618 2768 1659 2803 et

187 2836 374 2881 doctrina
419 2835 659 2882 excellentis
697 2837 800 2882 vitae
831 2837 1002 2892 spatium
1049 2835 1157 2880 adeo
1191 2837 1406 2893 ignorasse
1449 2840 1582 2891 putet,
1618 2841 1659 2880 ut
