1871 3204
819 140 1178 186 -164—

270 269 440 319 'tagorae
482 264 700 315 exemplum
741 263 967 303 mercedem
1010 266 1199 318 exegisse
1238 269 1482 317 statuamus,
1529 268 1624 309 nihil
1666 271 1726 308 est

275 351 353 392 quo
385 336 653 389 impediamur.
712 336 935 377 Alcibiadis
974 337 1079 376 enim
1118 336 1210 394 loco
1251 338 1428 378 indicato
1458 339 1618 380 nonnisi
1650 341 1726 381 hoc

274 411 440 462 legitur:
460 403 617 459 Ὥσπερ
649 406 728 460 ἐγώ
761 404 847 459 ἔχω
877 423 944 447 σοι
975 407 1104 448 εἰπεῖν
1133 406 1202 449 διὰ
1231 407 1303 462 τήν
1332 407 1527 463 Ζήνωνος
1554 412 1728 466 (συνου-

272 480 385 535 σίαν)
417 479 689 534 Πυθόδωρον
717 478 790 520 τὸν
806 479 1015 533 Ἰσολόχου
1045 482 1118 521 καί
1151 482 1343 522 Καλλίαν
1373 481 1446 523 τὸν
1465 483 1728 536 Καλλιάδου,

272 546 330 592 ὧν
363 549 556 604 ἑκάτερος
585 551 756 606 Ζήνωνι
793 547 940 593 ἑκατὸν
977 554 1085 605 μνᾶς
1123 552 1293 602 τελέσας
1321 551 1453 608 σοφός
1483 569 1528 594 τε
1555 553 1629 596 καί
1657 555 1729 596 ἐλ-

269 621 441 676 λόγιμος
467 626 645 677 γέγονεν.
705 625 821 665 Circa
853 625 1113 678 olympiadem
1145 626 1431 679 octogesimam
1461 626 1523 667 vel
1553 631 1729 680 octoge-

267 697 406 736 simam
436 698 602 749 primam
623 698 778 738 demum
811 698 1147 738 cumParmenide
1179 710 1284 739 anno
1318 700 1461 739 aetatis
1491 699 1724 770 quadrage-

267 769 369 809 simo
411 770 520 809 Zeno
567 770 747 810 Athenas
793 772 902 809 venit
947 770 1149 819 (Brandis.
1184 771 1337 812 Histor.
1381 771 1524 824 philos.
1565 776 1660 812 tom.
1691 772 1723 812 1.

265 853 358 895 pag.
390 841 538 889 375.):
586 842 826 895 Protagoras
870 852 968 882 vcro
1018 842 1125 882 circa
1170 842 1427 896 olympiadis
1448 843 1723 896 octogesimae

265 913 470 955 secundae
502 903 666 967 initium,
694 903 902 969 postquam
933 904 1020 954 sine
1051 914 1171 954 dubio
1203 917 1280 955 iam
1305 915 1345 956 in
1373 915 1460 956 aliis
1478 915 1721 962 Graecorum

263 987 426 1027 urbibus
469 986 631 1039 docuit,
675 988 844 1027 Athenis
882 990 1005 1027 artem
1046 999 1157 1027 suam
1189 999 1383 1028 exercere
1415 988 1574 1041 incepit.
1637 988 1719 1029 Ne-

262 1073 339 1114 que
370 1065 566 1114 repugnat
584 1061 694 1120 Men.
693 1072 833 1115 pag.
838 1060 903 1115 91.
927 1060 989 1116 Ε,
1030 1061 1096 1101 ubi
1132 1062 1221 1101 Kal
1249 1060 1300 1101 01'
1327 1058 1456 1113 μόνον
1485 1060 1720 1114 Πρωταγό-

262 1149 362 1186 ρας,
407 1131 511 1172 αἰλά
543 1134 615 1172 καί
584 1114 763 1173 Μαλλοι
794 1112 1054 1185 πάμπολλοι,
1101 1130 1137 1172 οἱ
1169 1134 1248 1183 μὲν
1279 1132 1479 1185 πρότερον
1516 1129 1748 1185 γεγονότες’

261 1207 420 1246 ἐκείνου
443 1238 452 1253 ,
497 1203 535 1246 οἱ
578 1206 624 1246 δὲ
657 1205 729 1245 καί
754 1206 830 1246 νῦν
860 1202 919 1245 ἔτι
943 1199 1092 1252 ὅιτες
1111 1204 1162 1245 ad
1192 1216 1279 1245 eam
1308 1209 1455 1245 tantum
1488 1205 1725 1245 sententiam

261 1285 363 1331 quae
394 1279 575 1331 proxime
604 1277 812 1331 praecedit
838 1278 1041 1330 pertinere
1070 1278 1249 1319 videtur:
1281 1290 1421 1318 omnes
1441 1279 1551 1318 ‘istos
1579 1278 1719 1331 perdi·-

260 1351 368 1390 disse
396 1353 526 1403 potius
557 1363 674 1403 quam
708 1351 933 1391 erudivisse
963 1355 1003 1391 et
1032 1351 1219 1390 meliores
1250 1351 1396 1390 fecisse
1440 1351 1605 1391 iuvenes
1642 1350 1720 1390 sibi

260 1424 441 1464 traditos.
501 1424 590 1465 Non
633 1436 682 1464 ea
724 1428 834 1464 certe
872 1428 933 1464 est
962 1423 1077 1464 hulus
1110 1424 1191 1465 loci
1223 1424 1427 1474 conditio,
1467 1428 1509 1464 ut
1543 1423 1721 1464 eiusdem

259 1498 435 1537 Platonis
475 1498 711 1538 testimoniis
749 1497 871 1537 multo
914 1496 1154 1537 firmioribus
1195 1498 1340 1549 opponi
1382 1501 1513 1549 queat.
1571 1497 1720 1537 Confer

262 1571 379 1611 etlam
409 1570 519 1623 Hipp.
552 1571 643 1610 mai.
677 1582 767 1623 pag.
802 1570 893 1610 282.
930 1570 987 1609 C:
1030 1571 1121 1610 Τῶν
1153 1569 1198 1610 δὲ
1233 1570 1423 1609 παλαιῶν
1453 1569 1621 1609 ἐκείνων
1647 1570 1720 1609 ου’·

259 1644 344 1690 δεῖς
374 1643 538 1682 πώποτε
578 1641 753 1695 ἠξίωσεν
791 1638 996 1694 ἀργύριον
1033 1639 1192 1691 μισθὸν
1231 1639 1474 1694 πράξασθαι
1509 1639 1600 1682 οὐδ’
1631 1641 1719 1681 ἐπι-

259 1715 407 1765 δείξεις
436 1711 698 1767 ποιήσασθαι
727 1714 770 1755 ἐν
798 1713 1080 1760 παντοδαποῖς
1110 1711 1352 1766 α’νθραὶηοις
1381 1714 1455 1765 τῆς
1481 1708 1636 1753 ἑαυτοῦ
1650 1728 1719 1754 σο-

259 1786 374 1842 φίας·
435 1783 566 1834 οὕτως
612 1781 719 1841 ἦσαν
759 1782 925 1840 εὐήθεις
969 1786 1042 1826 καί
1081 1785 1273 1839 ἐλελήθει
1315 1783 1474 1834 αύτούς
1514 1782 1719 1839 α’ργιῖριον

259 1858 314 1908 αἷς
345 1861 500 1900 πολλοῦ
525 1855 641 1908 ἄξιον
668 1857 746 1913 εἴη.
804 1855 961 1899 τούτων
991 1859 1035 1898 ‹5’
1063 1854 1255 1910 ἑκάτερος
1284 1855 1488 1910 (Γοργίας
1515 1858 1721 1911 καίΠρό-

260 1935 397 1984 δικος)
440 1932 563 1973 πλέον
602 1929 804 1985 α’ργὺριον
832 1930 915 1970 α’πὸ
949 1916 1104 1985 σοφίας
1135 1928 1353 1984 εἴργασται
1385 1926 1416 1983 ἢ
1441 1924 1565 1979 ἄλλος
1596 1932 1720 1985 δημι-

260 1989 410 2058 ουργός
440 2005 516 2059 ἀφ’
549 1997 597 2057 ἧς
626 2001 737 2051 τινὸς
767 2004 928 2057 τέχνης·
985 2005 1059 2043 καί
1085 2001 1143 2043 ἔτι
1176 1999 1375 2056 πρότερος
1403 1998 1563 2044 τούτων
1584 2005 1719 2056 Πρω-

260 2076 453 2129 ταγόρας.
514 2076 696 2117 Philostr.
727 2076 790 2117 ed.
821 2076 991 2128 Kayser.
1023 2087 1113 2128 pag.
1144 2078 1219 2118 ¹15:
1266 2074 1320 2116 Τό
1355 2076 1400 2116 δὲ
1436 2076 1595 2127 μισθοῦ
1623 2077 1718 2117 δια-

263 2150 462 2201 λέγεσθαι
493 2150 655 2203 πρῶτος
684 2141 824 2201 εὗρεν..
869 2147 1007 2200 Inepta
1035 2152 1164 2188 autem
1194 2144 1380 2200 omnique
1410 2159 1461 2188 ex
1491 2152 1601 2200 parte
1621 2159 1719 2201 per-

261 2234 377 2261 versa
409 2225 522 2271 sunt,
564 2232 668 2273 quae
699 2220 987 2261 Platonicorum
1027 2220 1169 2272 aliquis
1197 2220 1464 2261 recentiorum
1495 2219 1648 2273 profert
1674 2220 1716 2261 in

261 2293 433 2334 Platonis
465 2294 625 2334 vita'ab
659 2292 859 2333 Heerenio
891 2293 995 2333 edita
1025 2292 1272 2342 (Bibliothek
1301 2292 1374 2333 der
1403 2292 1507 2333 alten
1525 2292 1613 2334 Litt.
1631 2292 1714 2334 und

258 2365 397 2415 Kunst,
425 2365 468 2406 V.
496 2378 587 2420 pag.
622 2365 735 2417 16.):
775 2359 889 2419 Εὗρε
923 2366 969 2406 δὲ
999 2365 1225 2422 (Πλάτων)
1254 2363 1328 2406 καί
1355 2361 1499 2418 ἠθικά.
1555 2365 1601 2407 τὸ
1630 2366 1712 2421 γάρ

254 2437 312 2491 μή
347 2437 417 2478 ἐπί
442 2439 583 2496 μισθῷ
611 2437 847 2491 διδάσκειν,
890 2437 1038 2491 ἠθικὸν
1070 2433 1140 2490 ὅν,
1182 2429 1511 2492 πρῶτοςεῦρενζ
1563 2437 1709 2491 α’μὲλει
1765 2452 1769 2458 “

260 2510 529 2562 Πυθαγόρας
556 2511 626 2551 καί
653 2508 691 2552 οἱ
721 2509 801 2565 πρὸ
847 2510 978 2552 adro&
1007 2508 1160 2559 πάντες
1190 2506 1346 2551 ἐκατόν.
1371 2509 1565 2565 δραχμὰς
1602 2527 1711 2565 χρυ·

257 2587 351 2625 σίου
382 2578 607 2634 λαμβάνων
633 2582 703 2637 τὴν
731 2580 885 2625 οἰκείαν
910 2583 1129 2636 μετεδίδου
1162 2582 1344 2636 κάπηλος
1384 2584 1544 2635 μᾶλλον
1581 2580 1711 2637 λόγων

258 2654 478 2708 τυγχάνων
509 2649 534 2707 ἢ
563 2652 814 2709 φιλόσοφος,
841 2656 909 2697 ubi
942 2656 1233 2709 Πυθαγόρας,
1262 2659 1305 2695 ut
1332 2656 1598 2709 compluries,
1621 2666 1711 2698 ,non

260 2728 465 2776 librariis,
506 2726 581 2768 sed
623 2727 806 2780 scriptori
844 2729 920 2782 ipsi
959 2727 1223 2782 imputandum
1256 2733 1330 2770 est.
1361 2729 1602 2770 -*Primus
1630 2719 1712 2782 igi-

261 2807 324 2842 tur
354 2802 596 2855 Protagoras
635 2801 764 2853 pretio
804 2801 960 2853 docuit3
1007 2802 1113 2855 quod
1150 2811 1249 2841 vero
1281 2802 1421 2843 Suidas
1449 2815 1485 2842 v.
1522 2799 1714 2854 Πρωτα-

258 2872 386 2930 γόρας
417 2876 496 2916 ait:
528 2874 621 2916 Καί
647 2870 858 2930 ἐπεκλήθη
886 2876 1047 2931 πρῶτος
1076 2869 1445 2933 οὗτοςσοφιστής,
1485 2873 1613 2918 minus
1640 2885 1709 2917 ac-
