1871 3204
159 287 260 342 ἡμῖν
278 282 475 339 ’ἔχουσιν
497 279 684 339 ὀνόματα
705 302 715 313 ·
772 279 891 338 ὄψεις
934 298 977 325 τε
1014 284 1087 326 καί
1122 280 1247 327 ἇκοαί
1281 282 1355 326 καί
1392 281 1623 337 demptione

163 358 237 399 καί
266 356 414 410 ψύξεις
443 371 488 398 τε
519 358 591 398 καὶ
632 356 804 405 καύσεις
843 354 916 397 καί
950 354 1102 409 ἡδοναί
1133 371 1179 409 γε
1211 355 1260 410 δή
1293 355 1367 399 καὶ
1392 357 1527 396 λῦπαι
1554 354 1627 395 καὶ

162 430 386 483 ἐπιθυμίαι
417 432 487 473 καί
519 429 647 486 φόβοι
684 430 956 483 κεκλημέναι,
999 427 1071 468 καί
1101 421 1250 482 ἄλλαι,
1291 427 1517 483 α’πέραντοι
1545 425 1625 478 μὲν

164 500 210 542 αἶ
244 501 491 554 α’νοᾶνυμοι,
541 502 810 555 παμπληθεῖς
851 501 898 540 δὲ
939 497 985 539 αἱ
1024 487 1331 550 ὠνομασμέναι.
1397 498 1443 541 τὸ
1487 500 1526 540 δ’
1565 493 1628 539 αὖ

168 571 371 629 αἰσθητὸν
407 576 524 628 γένος
555 571 715 615 τούτων
746 570 940 620 ἑκάστοις
970 568 1191 625 ὁμόγονον,
1228 563 1353 623 ὄψεσι
1392 573 1470 623 μὲν
1504 569 1633 626 χρώ..

163 661 280 697 ματα
322 647 609 691 παντοδαπαῖς
647 641 921 695 παντοδαποί,
966 644 1115 692 α’κοαῖς
1147 644 1194 685 δὲ
1224 642 1427 693 ὦσαιὲτως
1467 642 1623 699 φωναί,

168 717 241 757 καί
282 722 374 765 ταῖς
416 711 566 764 ἄλλαις
608 714 834 771 αἰσθήσεσι
875 714 927 757 τὰ
972 710 1080 758 ἄλλα
1102 713 1296 772 αἰσθητὰ
1344 717 1517 771 ξυγγενῆ
1556 731 1623 768 γι-

160 787 353 841 γνομενα.

164 888 327 928 Theaet.
376 900 466 941 pag.
502 887 593 929 156.
637 888 796 929 A-c,
839 880 893 921 ἑ-
934 877 1179 942 Ὀοηςτθεείε
1224 889 1344 942 igitur
1383 899 1432 928 ac
1471 887 1624 940 permi-

160 959 232 999 stis
263 960 486 1000 contrariis
533 961 722 1002 motionis
757 961 896 1002 formis
938 961 1119 1002 oriuntur
1159 966 1199 1001 et
1241 971 1308 1001 res
1341 958 1554 1000 sensibiles
1584 962 1625 998 et
1671 964 1675 968 '

166 1043 335 1082 sensuS,
372 1033 527 1085 utrique
556 1034 764 1077 innumeri.
832 1022 982 1076 Sensus
1013 1037 1104 1074 sunt
1130 1034 1266 1083 visus,
1298 1031 1456 1072 auditus
1477 1063 1487 1082 ,
1516 1029 1623 1070 oll'a-

159 1107 275 1154 ctus,
316 1115 458 1145 sensus
506 1099 666 1159 frigoris
710 1109 749 1145 et
777 1107 949 1155 caloris,
995 1103 1244 1157 voluptates,
1287 1102 1493 1152 tristitiae,
1545 1112 1619 1141 cu-

164 1167 380 1229 piditates'‚
426 1178 619 1229 timores,
660 1178 812 1228 ceteri,
848 1171 926 1229 'per
956 1187 1058 1228 quos
1098 1177 1184 1216 sive
1215 1187 1304 1216 cum
1333 1185 1505 1227 corpore
1537 1174 1624 1215 sive

164 1259 251 1287 cum
283 1249 415 1288 animo
446 1249 636 1289 sensibile
665 1248 815 1302 aliquid
845 1248 1173 1288 communicatur.
1232 1247 1312 1289 Res
1355 1251 1483 1287 autem
1524 1258 1626 1303 sen-

164 1317 300 1359 sibiles
327 1323 419 1359 sunt
448 1318 622 1369 colores,
649 1330 789 1369 voces,
816 1318 981 1369 odores,
1013 1318 1152 1372 frigus,
1182 1318 1306 1369 calor,
1332 1318 1520 1368 iucunda,
1551 1319 1627 1358 tri-

158 1390 251 1440 ·stia,
282 1395 322 1431 et
349 1391 650 1442 quibuscunque
684 1395 895 1442 praeterea
929 1392 1015 1431 sive
1054 1402 1199 1443 corpus
1228 1391 1316 1432 sive
1348 1392 1501 1431 animus
1532 1390 1625 1431 affi-

163 1462 278 1502 citur.
335 1462 422 1504 Una
459 1474 642 1517 quaeque
683 1474 750 1504 res
780 1462 980 1504 sensibilis
1012 1462 1127 1504 simul
1158 1474 1246 1504 cum
1287 1474 1411 1504 sensu
1450 1466 1626 1516 cognato

163 1535 368 1586 nascitur,
412 1538 454 1575 ut
492 1535 602 1575 visus
635 1546 722 1575 cum
754 1534 918 1585 colore,
962 1535 1120 1576 auditus
1157 1548 1246 1576 cum
1283 1547 1412 1584 voce,
1455 1534 1626 1576 olfactus

163 1616 252 1647 cum
284 1605 428 1648 odore.
468 1607 470 1609 ’

275 1670 389 1719 Hunc
418 1679 549 1719 locum
564 1680 724 1721 Geelius
743 1681 872 1721 minus
904 1684 1015 1720 recte
1043 1679 1250 1720 intellexit.
1312 1677 1529 1734 Αἴσθησις
1559 1679 1628 1721 αἐἰ

159 1748 495 1792 συνεκπίπτουσα
547 1749 621 1792 καί
657 1752 892 1806 γεννωμένη
932 1750 1044 1806 μετὰΥ
1077 1752 1154 1793 τοῦ
1189 1750 1400 1805 αἰσθητοῦ
1427 1760 1519 1805 pag.
1547 1750 1620 1793 89.

158 1823 443 1875 interpretatur
485 1834 663 1874 „sensus
708 1823 774 1875 qui
818 1834 979 1876 semper
1023 1836 1112 1865 cum
1151 1822 1332 1865 sensibili
1383 1823 1623 1864 cohaeret.“

157 1896 310 1945 Quibus
351 1896 486 1935 verbis
526 1897 685 1936 minime
728 1906 919 1949 expressa
963 1900 1026 1937 est
1064 1897 1237 1937 Platonis
1278 1897 1492 1937 sententia.
1549 1895 1622 1937 Est

160 1968 291 2008 enim:
333 1979 524 2019 „sensus,
567 1968 632 2020 qui
672 1978 830 2020 semper
869 1967 985 2007 simul
1023 1968 1188 2017 (eodem
1224 1972 1427 2020 tempore)
1470 1967 1622 2008 excidit

164 2042 251 2082 sive
291 2040 462 2082 efficitur
503 2045 619 2094 atque
656 2040 830 2094 gignitur
870 2051 959 2081 cum
998 2051 1044 2080 re
1087 2040 1304 2081 sensibili.“
1360 2029 1620 2094 Nequaquam

162 2114 267 2155 enim
297 2126 370 2167 pro
409 2115 639 2168 γεννωμένη
679 2111 935 2154 scribendum
963 2116 1024 2153 est
1062 2100 1286 2166 γενομένης
1323 2116 1366 2154 ut
1406 2112 1503 2154 fecit
1538 2112 1617 2154 ille.

216 2221 279 2263 Vl.
320 2222 462 2263 Ταῦτα
481 2219 613 2262 πάντα
630 2223 720 2274 μέν,
750 2218 889 2276 ὥσπερ
911 2224 1093 2276 λέγομεν,
1123 2225 1308 2274 κινεῖται,
1339 2222 1467 2275 τάχος
1486 2223 1533 2264 δὲ
1553 2225 1625 2264 καί

159 2293 375 2347 βραδυτής
396 2291 457 2334 ἔνι
482 2295 532 2349 τῇ
565 2286 723 2346 κινήσει
753 2295 906 2340 αὐτῶν,
966 2289 1065 2335 ὅσον
1096 2296 1172 2346 μὲν
1204 2288 1280 2334 οὖν
1307 2293 1462 2347 βραδύ,
1492 2296 1536 2337 ἐν
1566 2296 1624 2352 τῷ

157 2364 272 2421 αὐτῷ
287 2367 361 2406 καί
396 2362 500 2419 πρὸς
516 2361 564 2405 roi
596 2362 877 2419 πλησιάζοντα
894 2363 969 2419 τήν
998 2366 1157 2419 κίνησιν
1187 2361 1302 2418 ἴσχει
1331 2363 1405 2406 καί
1431 2363 1541 2407 οὕτω
1570 2365 1621 2420 δὴ

158 2437 307 2493 γεννᾷ,
346 2436 395 2477 τὰ
429 2438 475 2478 δὲ
502 2438 733 2490 γεννώμενα
764 2434 878 2478 οὕτω
909 2436 960 2491 δὴ
988 2435 1234 2492 βραδύτερά
1267 2439 1392 2478 ἐστιν.
1452 2432 1550 2480 ὅσον
1579 2442 1623 2480 δὲ

161 2501 222 2547 αὖ
262 2505 405 2560 ταχύ,
447 2506 554 2564 πρὸς
585 2508 636 2550 τοὶ
677 2507 899 2563 πόρρωθεν
939 2506 1015 2562 τὴν
1053 2510 1213 2563 κίνησιν
1256 2506 1369 2563 ἴσχει
1407 2513 1479 2551 καί
1516 2507 1624 2551 οὕτω

158 2582 304 2635 γεννᾷ,
334 2578 385 2622 τοὶ
417 2581 462 2622 δὲ
490 2579 727 2635 γεννώμενα
754 2575 860 2621 οὕτω
894 2579 945 2634 δή
980 2578 1121 2623 θάττω
1152 2580 1268 2622 ἐστι’·
1327 2582 1498 2640 φέρε-ται
1529 2580 1623 2636 γάρ,

156 2650 230 2692 καί
255 2653 299 2692 ἐν
331 2655 447 2708 φορᾷ
478 2653 621 2695 αὐτῶν
649 2653 673 2707 ἦ
702 2654 856 2707 κίνησις
887 2652 1088 2707 πέφυκεν.
1148 2654 1268 2703 (Ead.
1298 2667 1390 2707 pag.
1423 2654 1464 2704 C,
1494 2655 1564 2702 D.)

269 2735 420 2784 Quibus
460 2736 510 2777 de
549 2738 685 2780 verbis
714 2736 820 2779 omni
856 2747 908 2777 ex
937 2740 1051 2790 parte
1078 2737 1182 2779 male
1210 2738 1373 2779 meritus
1415 2741 1474 2777 est
1512 2736 1622 2778 Gee-

133 2805 231 2849 lius
278 2807 491 2849 falsissima
526 2814 566 2850 et
607 2809 932 2863 interpretatione
977 2814 1016 2850 et
1060 2810 1342 2851 emendatione
1382 2810 1618 2861 proposita:

153 2878 286 2930 „Haec
314 2883 448 2923 omnia
493 2887 601 2925 motu
642 2884 850 2937 feruntur,
894 2883 959 2935 qul
1004 2888 1070 2925 aut
1098 2875 1247 2936 ‚tardus
1287 2886 1349 2922 est
1389 2886 1456 2923 aut
1497 2882 1622 2926 celer.

1319 2960 1348 3007 6
