1871 3204
727 110 1051 154 „55-

162 239 266 282 sisse
292 236 570 279 demonstrare
599 242 768 281 conatus
798 243 885 288 est,
914 250 1057 279 annum
1079 250 1165 293 >quo
1194 242 1311 278 natus
1339 236 1391 276 sit
1418 233 1513 276 490.
1543 235 1621 276 hoo

162 307 282 353 modo
314 307 446 351 efficit.
504 309 744 364 Protagoras
790 309 893 363 apud
923 309 1125 350 Platonem
1173 309 1323 363 dialogi
1365 309 1623 361 cognominis

160 393 254 436 pag.
278 382 375 435 317.
405 382 435 425 C
469 383 672 425 auditores
708 385 829 437 inque
870 384 921 425 iis
951 384 1071 424 etiam
1099 383 1316 425 Socratem
1346 382 1402 425 ita
1449 378 1623 432 alloqui..

162 458 249 496 tur:
291 454 474 511 Οὐδενὸς
515 451 613 497 ὅτου
654 452 704 496 οὔ
735 455 1050 507 πάντων;ὖμῶν
1075 456 1174 507 καθ’
1202 453 1366 507 ἡλικίαν
1399 453 1541 507 πατήρ
1571 446 1625 492 ἄν

139 525 265 586 ἐῖην.
294 528 612 580 tndeHerbstius
644 528 796 581 colligit
815 539 908 581 pag.
927 528 997 570 1⁰1
1024 542 1036 568 ε
1070 527 1202 581 „Ergo
1217 527 1357 580 viginti
1387 526 1473 568 tere
1504 515 1623 568 annis

159 598 401 653 Protagoras
432 600 600 641 Socrate
629 600 757 641 maior
789 590 1135 666 habenfilgxs'estss
1194 598 1311 646 Quod
1342 600 1529 639 temerius
1559 601 1622 639 est

154 673 407 716 conclusum.
467 672 631 714 Etiamsi
660 672 764 713 enim
806 672 1051 726 Protagorae
1092 671 1237 712 dictum
1266 670 1318 712 ad
1355 671 1478 711 verba
1522 683 1622 725 pre-

160 744 345 793 mendum
393 748 535 792 esset,
583 755 832 796 nequaquam
878 744 973 784 illud
1003 748 1125 783 ‘esset
1166 744 1483 784 consectarium:
1529 755 1623 784 nam

159 816 431 858 Athenienses
458 815 671 858 admodum
699 816 893 868 iuvenes,
919 817 1153 870 saepissime
1184 815 1304 858 multo
1335 816 1474 869 viginti
1505 815 1622 856 annis

157 888 335 932 minores
354 918 365 939 ‚
404 899 555 929 uxores
593 887 742 931 ducere
770 889 965 933 solebant.
1022 890 1118 930 Tum
1152 900 1253 929 vero<
1281 888 1470 937 aceedit,
1512 885 1622 939 quod

161 961 416 1013 Protagoras,
444 961 479 1001 si
507 961 665 1015 quidem
693 974 868 1016 unquam
892 963 1055 1004 omnino
1086 960 1285 1003 eiusmodi
1312 959 1408 1013 quid
1437 958 1619 999 elocutus

161 1036 225 1073 est
253 1032 317 1082 (id
355 1033 462 1086 quod
495 1044 575 1087 ego
607 1034 725 1076 valde
757 1035 915 1087 dubito:
962 1036 1087 1075 immo,
1119 1034 1213 1074 talia
1255 1032 1478 1084 sophistam
1514 1030 1621 1070 Plato

161 1105 359 1146 dicentem
394 1105 541 1146 fecisse
572 1106 751 1158 videtur,
772 1113 821 1149 rut
847 1119 983 1147 mores
1013 1108 1100 1147 eius
1129 1105 1324 1146 lectorum
1352 1103 1495 1144 animis
1527 1114 1624 1155 per-

162 1178 323 1231 spicuos
353 1182 630 1230 proponeret),
657 1179 744 1220 veri
773 1179 934 1219 modum
965 1178 1216 1231 aliquatenus
1244 1178 1448 1229 excessit,
1478 1177 1622 1229 quippe

114 1282 117 1285 .
159 1250 226 1303 qui
255 1250 358 1301 apud
396 1249 598 1291 Platonem
628 1250 813 1308 omnibus
856 1250 896 1290 in
938 1251 1062 1290 rebus
1106 1251 1353 1302 superiorem
1384 1260 1430 1289 se
1472 1250 1621 1289 ceteris

158 1324 280 1374 atque
312 1322 643 1375 praestantiorem
671 1320 880 1375 glorietur.
938 1321 1066 1363 Etiam
1097 1322 1363 1369 Petersenius‚
1397 1322 1464 1373 qui
1494 1321 1623 1361 disci·-

112 1385 115 1387 ’
159 1393 237 1446 puli
267 1394 427 1435 inventa
456 1392 601 1444 alioqui
632 1403 877 1446 magnopere
903 1392 1067 1434 laudare
1096 1392 1214 1443 solet,
1249 1393 1289 1432 in
1308 1392 1382 1433 hac
1403 1402 1623 1445 argumen-

161 1468 313 1521 tatione
346 1465 450 1505 adeo
479 1463 660 1514 offendit,
693 1469 735 1504 ut
762 1465 812 1505 ad
843 1477 934 1518 pag.
969 1465 1059 1507 1-01.
1087 1465 1192 1506 hane
1223 1465 1419 1506 adiiceret
1447 1469 1624 1514 annotaf-

158 1537 330 1577 tionem:
380 1536 485 1588 „Das
516 1535 615 1589 tolgt
641 1536 752 1579 nicht
780 1537 1068 1591 nothwendig‚
1107 1537 1157 1577 da
1196 1548 1287 1577 man
1315 1537 1401 1577 sich
1430 1537 1470 1576 in
1501 1536 1624 1576 Grie—

160 1609 356 1654 chenland
384 1611 569 1650 mitunter
611 1610 739 1650 sehon
783 1612 833 1650 im
874 1610 1133 1650 vierzehnten
1172 1610 1295 1653 Jahre
1336 1608 1623 1660 verheiratheu

158 1681 344 1730 monime,
387 1693 472 1722 was
502 1682 841 1736 mantallerdin'gs
884 1686 1172 1727 voraussetzen
1201 1692 1340 1732 muss,
1379 1692 1498 1721 wenn
1528 1692 1622 1721 man

161 1752 227 1792 die
258 1752 562 1806 Verurtheilung
602 1754 674 1794 des
714 1755 1078 1807 Protagoras-415
1118 1742 1231 1795 setit.
1293 1754 1405 1794 Doch
1449 1754 1618 1794 braucht

160 1837 253 1867 man
284 1825 350 1870 die
378 1825 518 1866 Worte
557 1826 628 1867 des
658 1825 869 1879 Sophistcn
910 1827 1016 1868 wohl
1047 1826 1157 1867 nicht
1185 1838 1232 1867 so
1274 1838 1409 1880 genau
1437 1838 1487 1867 zu
1513 1826 1626 1866 neh--

162 1908 284 1946 men,
323 1899 371 1938 da
400 1899 472 1939 mit
502 1888 835 1939 dieser'Ansicht
876 1899 963 1939 sich
1000 1899 1112 1938 nicht
1141 1911 1217 1939 nur
1245 1899 1313 1939 die
1340 1898 1512 1952 Angabe
1544 1898 1624 1940 des.

158 1970 416 2012 Philostratus
436 2001 461 2022 ,.
488 1970 665 2013 sondern
704 1969 806 2010 auch
849 1970 925 2011 alle
963 1970 1134 2024 abrigen
1177 1970 1320 2011 besser
1364 1971 1615 2025 vereinigen.

157 2043 368 2088 Demnach
395 2046 502 2084 wiire
532 2055 603 2095 er,
646 2054 939 2097 angenommen
980 2043 1074 2085 dass
1117 2055 1162 2084 er
1204 2044 1378 2097 neunzig
1409 2043 1533 2086 Jahre
1563 2043 1622 2085 att

155 2116 292 2165 ward,
332 2117 412 2156 505
440 2114 650 2168 geborea,
692 2114 773 2156 443
812 2116 918 2156 nach
947 2116 1081 2157 Thurii
1116 2128 1358 2171 gegangen,
1397 2115 1480 2157 432
1509 2116 1625 2160 nacla

155 2187 286 2231 Athen
315 2188 647 2242 zuriickgekehrt,
672 2187 753 2228 415
780 2188 983 2230 entflohen
1009 2189 1098 2231 und'
1116 2190 1377 2244 gestorhenss
1432 2191 1492 2229 De
1509 2201 1626 2232 nova.

156 2259 234 2300 hac
252 2260 469 2301 Petersenii
489 2260 667 2310 ratione,
688 2271 911 2313 quanquam
934 2265 1106 2313 quantae
1137 2262 1190 2302 sit
1215 2261 1389 2302 levitatis
1417 2263 1628 2305 neminem.

157 2331 280 2387 fugit,
316 2339 352 2387 §.
383 2333 421 2375 6.
454 2334 591 2388 paucis
622 2343 831 2385 exponam.
889 2332 1013 2375 Miror
1041 2345 1141 2377 vero
1170 2346 1259 2376 cum
1290 2334 1482 2376 Herbstio
1511 2345 1622 2374 con«

156 2408 307 2447 sentire
338 2408 518 2458 Astium‚
561 2408 626 2460 qui
654 2406 742 2448 libri
774 2406 824 2449 de
855 2407 1028 2449 Platonis
1067 2410 1147 2449 vita
1191 2413 1230 2451 et
1259 2409 1424 2461 scriptis>
1449 2408 1546 2450 editi
1575 2398 1650 2450 ins

139 2479 335 2532 „margine
365 2492 456 2534 pag.
476 2480 542 2521 75.
574 2480 676 2521 hanc
707 2479 868 2520 exhibet
894 2482 1158 2521 sententiam:
1188 2481 1320 2532 „Nach
1353 2481 1620 2522 demiMenon„

155 2549 230 2595 91..
251 2550 283 2590 E
313 2552 421 2592 starb
450 2553 690 2607 Protagoras
719 2553 769 2594 im
798 2552 1100 2607 siebenzigsten
1127 2553 1277 2604 Jahre,
1308 2566 1392 2595 was
1421 2553 1509 2594 dem
1539 2553 1625 2594 be--

154 2622 355 2663 stimmtcn
396 2623 617 2678 qugnisse
658 2625 728 2666 des
766 2624 872 2665 Plato
919 2625 1078 2681 Protag.
1111 2627 1214 2673 312ζ
1238 2627 1268 2668 C
1300 2626 1613 2679 w.iderspricht.“

155 2695 272 2748 Quod
300 2708 388 2736 curn
418 2708 508 2749 pag.
530 2698 623 2739 312.
648 2698 690 2748 C,
719 2709 834 2750 quam
864 2698 1002 2740 Astius
1034 2701 1183 2751 citavit,
1214 2712 1265 2740 ne
1295 2699 1424 2740 littera
1450 2699 1612 2752 quidem

154 2766 369 2808 indicatum
398 2766 463 2815 sit,
494 2768 724 2822 typothetae
756 2778 897 2812 errore
926 2780 1019 2824 pag.
1054 2771 1148 2813 312.
1181 2770 1212 2812 C
1240 2782 1312 2824 pro
1341 2783 1429 2824 plag.
1464 2768 1557 2811 317.
1582 2773 1612 2811 C

156 2841 345 2893 scriptum
377 2839 588 2886 videbatur
617 2843 733 2884 etiam
766 2841 916 2883 Geistio
947 2855 1039 2897 pag.
1057 2843 1096 2883 7.
1136 2843 1229 2887 Sed,
1248 2842 1631 2896 refellunt-Astium„
