1871 3204
703 175 764 183 -
836 148 866 196 3
936 172 998 182 ..-

142 281 224 335 Sed
247 291 343 327 mm
367 281 439 322 ita
446 277 628 334 expediri
654 275 783 329 possit
810 274 912 320 haee
938 274 1150 318 difficultas
1178 285 1425 331 magnopere
1441 274 1598 320 dubito:

143 352 393 409 nequaquam
435 353 542 395 enim
579 355 658 391 tam
702 349 814 418 parvi
855 347 1024 393 facimus
1062 347 1268 401 Eupolidis
1303 348 1600 398 testimonium,

144 441 262 483 quam
281 429 389 470 feeit
416 426 579 468 Geelius
614 421 754 462 histor.
787 420 874 465 crit.
906 421 1172 474 sophistarum
1201 433 1293 476 pag.
1323 421 1404 465 73.
1448 419 1516 474 ,,ῐιι
1548 433 1599 461 eo

146 501 426 556 (Protagoram
455 495 632 540 Abderis
660 497 793 534 natum
820 500 936 543 esse)
978 494 1232 534 consentiunt
1261 496 1393 535 omnia
1424 494 1601 547 antiqui-

143 576 235 616 tatis
264 557 506 618 testimonia,
534 571 705 620 excepto
736 578 817 608 uno
848 566 1003 620 Eupoli,
1031 567 1099 620 qui
1127 570 1230 608 teste
1258 567 1440 621 Diogene
1469 568 1599 609 Laer-

146 649 204 689 tio
236 646 303 688 lx.
334 644 400 687 50.
423 644 470 683 -in
491 639 824 682 Assentatoribus
850 641 941 681 eum
970 638 1104 680 Teium
1137 644 1367 682 vocaverat.
1410 640 1463 681 At
1492 639 1601 681 baud

142 729 326 770 mgnum
359 715 473 755 buius
502 713 751 753 auctoritatis
779 712 949 765 pondus.
1007 711 1109 773 Quid
1141 713 1245 756 enim
1272 712 1463 765 impedit,
1492 724 1600 765 quo-

141 789 271 842 minus
313 786 485 839 Eupolis(
519 784 639 826 alium
683 784 940 838 Protagoram
969 776 1253 839 significaverit
1273 815 1285 835 ‚
1313 784 1378 825 vel
1423 784 1499 827 alia
1543 783 1597 826 de

138 871 262 899 causa
291 857 541 898 erraverit?“
598 857 817 897 Namvsunt
837 857 1024 910 profecto
1044 868 1157 909 quae
1186 857 1416 909 impediant.
1456 857 1596 906 Quan-

140 941 256 983 quam
280 929 388 969 enim
418 940 499 968 non
529 929 685 979 nescio,
713 929 832 969 etiam
861 928 964 969 alios
993 929 1199 970 exstitisse
1220 929 1331 968 viros
1349 928 1596 981 Protagorae

140 1002 303 1042 nomine
318 1004 500 1051 vocatos,
512 1012 613 1054 quos
629 1012 715 1053 cap.
732 1000 792 1041 ill.
810 1001 1016 1046 recensui:
1045 1000 1250 1053 Diogenes
1266 998 1427 1051 quidem
1444 998 1596 1039 diserte

140 1077 182 1113 et
197 1073 408 1126 perspicue
440 1073 610 1115 eundem
639 1073 912 1127 Protagoram,
935 1084 1056 1125 quem
1087 1071 1210 1124 vulgo
1222 1070 1456 1111 Abderitam
1486 1070 1598 1112 aliir-

137 1150 258 1197 ment,
287 1145 340 1186 ab
357 1145 551 1199 Eupolide
579 1131 715 1188 Teium
744 1143 981 1198 appeliatum
1010 1155 1104 1184 esse
1135 1143 1268 1184 tradit.
1327 1143 1466 1197 Neque
1496 1155 1596 1184 vero

141 1219 384 1273 Protagorae
402 1249 416 1269 ‚
453 1219 566 1261 cuius
598 1230 747 1259 nomen
774 1218 813 1259 in
845 1217 1018 1258 omn—ium
1049 1228 1121 1259 ore
1151 1220 1272 1266 esset,
1298 1216 1425 1269 patria
1453 1221 1600 1270 poetae

136 1290 293 1347 aequali
322 1292 458 1342 ignota
492 1301 586 1331 esse
615 1292 798 1342 poterat,
827 1289 894 1342 qui
926 1288 1145 1342 sophistam
1175 1290 1215 1330 in
1248 1288 1379 1330 sabula
1410 1293 1595 1343 agentem

135 1363 315 1402 induxit:
362 1366 403 1401 et
432 1360 700 1402 Athenienses
727 1365 979 1414 spectantes,
1020 1362 1160 1415 aequis
1188 1361 1332 1402 animis
1364 1361 1471 1401 ferre
1501 1361 1595 1402 talia

137 1445 387 1488 nequaquam
418 1434 547 1484 soliti,
574 1434 614 1475 in
642 1434 732 1487 ipso
757 1434 918 1478 theatro
949 1434 1040 1476 aitis
1074 1434 1241 1480 vocibus
1271 1446 1449 1475 errorem
1478 1434 1595 1489 istum

134 1510 356 1547 notassent.
416 1505 594 1559 Propius
626 1505 677 1548 ad
709 1517 848 1549 venun
887 1507 1063 1549 accessit
1091 1505 1304 1547 Eduardus
1334 1506 1508 1547 Geistius
1541 1506 1593 1547 de

134 1578 617 1633 Protagoraesopbistae
656 1580 736 1620 vita
778 1578 941 1634 disquis.
964 1568 1061 1633 pag
1088 1580 1127 1621 4.
1185 1579 1281 1620 Cum
1320 1578 1426 1620 enim
1464 1578 1592 1632 Cyrus

135 1650 274 1691 lortius
303 1651 468 1692 urbibus
495 1650 638 1693 bellum
669 1651 864 1702 inferret,
890 1652 1010 1692 Teios
1034 1651 1089 1692 ad
1117 1651 1344 1693 evitandum
1372 1652 1591 1705 periculum

134 1724 173 1763 in
200 1722 408 1767 Thraciam
438 1723 643 1777 profectos
673 1723 837 1766 Abdera
872 1724 1105 1766 condidisse
1145 1724 1315 1773 (Herod.
1343 1723 1412 1766 lib.
1441 1723 1469 1765 1.
1501 1727 1591 1778 ca'p.

137 1793 240 1845 168,
286 1794 420 1848 strab..
442 1794 509 1835 lib.
538 1794 639 1835 XlV.
668 1807 762 1848 pag.
788 1794 923 1845 644..)
979 1796 1083 1837 Nihil
1117 1796 1237 1850 igitur
1275 1797 1416 1837 mirum
1446 1796 1591 1848 videri,

133 1867 239 1920 quod
267 1871 387 1921 poeta
413 1867 672 1921 Protagoram
703 1879 753 1908 ea
784 1868 883 1908 urbe
912 1868 1125 1910 oriundum
1154 1869 1283 1920 dicat,
1311 1868 1419 1922 unde
1446 1868 1590 1911 Abde...

131 1942 266 1983 maim
315 1939 450 1980 coloni
500 1940 670 1993 profecti
721 1939 880 1980 fuerint.
967 1940 1142 1980 tonicam
1197 1941 1443 1994 Protagorae
1495 1941 1586 1987 ori-

130 2012 272 2065 ginarii
310 2012 430 2052 etiam
474 2022 526 2052 eo
570 2011 763 2065 probari,
809 2010 941 2064 quod,
985 2017 1029 2053 ut
1070 2011 1330 2053 Democritus
1366 2011 1587 2066 populariS,

132 2084 270 2126 intuita
299 2084 471 2124 dialecto
501 2084 720 2137 scripserit.
778 2083 828 2124 Et
850 2084 1030 2125 tortasse
1058 2084 1111 2124 ob
1139 2084 1181 2124 id
1201 2085 1341 2136 ipsum,
1369 2083 1476 2137 quod
1493 2085 1582 2137 pri-

130 2157 260 2198 stinae
287 2159 438 2209 patriae
469 2170 621 2199 memor
635 2157 769 2199 Ionica
799 2156 972 2198 dialecto
995 2169 1091 2199 usus
1115 2162 1237 2207 esset,
1264 2156 1402 2199 Teium
1419 2169 1508 2199 eum
1529 2157 1581 2198 ab

126 2228 322 2282 Eupolide
339 2241 432 2270 esse
462 2231 775 2283 appellatum.-
793 2234 921 2284 Atque
948 2242 1000 2271 ex
1025 2230 1103 2271 hac
1132 2217 1295 2284 quidemv
1322 2242 1425 2283 quae
1438 2230 1581 2271 Abde-

126 2302 213 2343 ritis
256 2307 344 2343 erat
382 2315 470 2344 cum
499 2303 604 2345 Teiis
646 2303 943 2345 necessitudine
985 2303 1261 2357 explicandum
1292 2315 1385 2344 esse
1418 2307 1583 2357 apparet

36 2424 38 2426 ‚
126 2385 285 2416 versum
332 2374 568 2429 Eupolidis3
614 2386 729 2429 quam
775 2387 874 2418 vero
914 2388 1075 2417 causam
1122 2377 1263 2417 sumsit
1309 2376 1484 2417 Geistius
1528 2387 1581 2415 ex

120 2458 311 2488 sermone
333 2447 487 2499 lonico,
512 2450 578 2502 qui
598 2450 638 2489 in
657 2449 901 2502 Protagorae
923 2451 1082 2502 scriptis
1111 2448 1275 2500 obtinet,
1306 2460 1387 2489 non
1416 2460 1580 2501 possum

124 2521 218 2571 quin
248 2519 366 2566 valde
394 2521 529 2562 mirer.
585 2521 705 2562 Teios
733 2521 837 2573 enim
858 2520 1021 2571 Ionica,
1052 2521 1267 2571 Abderitas
1296 2531 1393 2562 vero
1423 2520 1577 2562 illorum

123 2592 293 2633 colonos
316 2593 399 2634 alia
432 2593 604 2646 quadam
632 2606 727 2636 usos
755 2605 849 2634 esse
879 2594 1053 2636 dialecto
1082 2598 1222 2648 putare
1250 2593 1408 2635 videtur
1425 2625 1437 2644 ,
1484 2600 1579 2635 cam-

119 2664 404 2718 Protagoram,
447 2666 726 2709 Abderitarum
755 2668 1000 2720 praeterita,
1045 2667 1231 2708 Teiorum
1261 2665 1396 2721 lingua
1438 2666 1575 2707 ionica

115 2736 242 2779 libros
269 2749 367 2781 suos
383 2738 613 2782 confecisse
628 2741 747 2782 dicat.
776 2738 856 2783 Sed
868 2737 1340 2783 Abderitarum'omnium
1357 2749 1489 2781 sermo
1506 2740 1574 2779 vix

118 2816 205 2851 erat
236 2811 335 2852 alius
378 2817 496 2864 atque
523 2813 729 2855 Teiorum:
776 2825 866 2853 nam
912 2815 1046 2855 coloni
1077 2815 1269 2866 pristinae
1309 2814 1458 2865 patriae
1491 2812 1573 2850 lin-

114 2892 238 2934 gnam
267 2884 495 2926 servabant.
552 2885 602 2927 Ut
631 2886 892 2940 praeterirent
919 2886 1043 2940 igitur
1058 2886 1336 2927 Abderitarum
1361 2883 1575 2925 dialectum
