1871 3204
849 137 1208 180 —110—

289 258 403 311 lasst‚
434 259 514 300 und
544 258 675 300 finden
710 259 819 299 diess
846 260 1059 309 nastrrhch,
1094 260 1144 300 da
1176 272 1223 301 er
1251 261 1362 302 nicht
1391 260 1515 303 durch
1534 261 1646 303 seine
1665 259 1757 315 phi-

287 332 573 386 losophischen
592 331 843 373 Grundsz'itze
872 333 944 374 auf
966 333 1032 373 die
1050 333 1254 385 Rhetorik,
1284 333 1463 375 sondern
1495 335 1620 376 durch
1642 335 1753 375 diese

284 406 357 446 auf
385 406 483 456 jene
512 403 676 458 gestihrt
704 395 874 445 Worden
905 406 992 445 ist.“
1051 405 1204 454 Quibus
1233 402 1369 460 verkin
1401 403 1671 459 quaecunque
1700 406 1751 447 de

282 478 501 530 Protagora
533 477 789 529 pronuntiata
822 482 925 527 sunt,
954 478 1111 531 singula
1144 461 1456 531 quaequessfaisa
1484 490 1577 519 esse
1606 482 1749 531 partim

281 549 359 589 iam
395 552 574 601 apparet,
600 550 743 603 partim
772 550 1060 604 progrediente
1080 548 1360 603 'disputatione
1390 550 1547 603 planum
1578 550 1656 591 fiet.
1689 564 1690 567 ¹

390 621 503 669 Quae
534 633 624 663 cum
653 622 707 663 ita
736 624 839 673 sint,
884 634 962 676 ego
1004 623 1055 664 de
1084 623 1162 664 hac
1189 623 1427 676 quaestione
1459 635 1541 663 non
1568 635 1745 676 possum

278 692 372 745 quin
403 693 456 733 ita
489 697 674 734 statuam.
733 694 977 750 Protagoras
1017 694 1230 737 universae
1272 694 1481 736 doctrinae
1526 705 1625 737 suae
1654 693 1750 737 fun-

278 764 506 806 damentu'm
528 769 662 816 posuit
679 751 947 806 Heracliteum
977 770 1072 807 illud
1103 772 1235 807 omnia
1267 771 1435 815 moveri,
1466 780 1545 817 quo
1564 780 1617 806 ex
1634 771 1749 818 prin-

280 836 386 891 cipio
414 846 536 877 unum
567 834 757 892 quodque
789 836 877 879 eius
917 835 1105 892 placitum
1140 837 1260 881 facile
1292 842 1423 895 potest
1463 837 1609 881 deduci
1640 850 1749 894 quo-

278 922 355 961 que
387 911 521 949 omnia
552 915 645 950 sunt
673 912 787 961 quasi
815 912 991 961 perfusa.
1048 912 1129 950 Sed
1168 924 1250 950 non
1286 914 1445 950 recoxit
1475 913 1747 950 tantummodo

278 979 536 1023 Heraclitea:
581 981 704 1023 immo
736 981 899 1038 proprio
933 980 1097 1038 ingenio
1136 981 1176 1024 in
1207 980 1467 1025 fundamento
1494 982 1561 1026 illo
1601 990 1746 1026 novam

277 1056 460 1095 condidit
485 1058 698 1096 rationem.

390 1125 433 1167 Si
473 1126 562 1182 quis
605 1137 705 1169 vero
754 1126 847 1182 quid
891 1125 1052 1173 tandem
1099 1126 1340 1183 Protagoras
1380 1126 1630 1183 philosophia
1656 1128 1745 1170 ‘sua

278 1206 522 1241 consecutus
538 1203 589 1241 sit
605 1202 795 1252 requirat,
826 1202 905 1242 hoc
928 1203 1049 1253 igitur
1076 1202 1222 1253 duplex
1239 1206 1312 1240 est.
1347 1202 1462 1248 Quod
1481 1204 1585 1240 enim
1610 1201 1660 1241 ad
1678 1212 1744 1240 res

276 1272 431 1325 attinet,
460 1271 558 1313 nihil
577 1283 670 1314 esse
689 1273 849 1314 statuit:
880 1273 988 1328 quod
1019 1284 1119 1315 vero
1142 1272 1191 1315 ad
1212 1273 1429 1323 hominem,
1459 1273 1631 1315 omniurn
1653 1276 1741 1314 eum

275 1359 408 1387 rerum
441 1358 535 1387 esse
563 1358 803 1387 mensuram.
833 1347 965 1400 Atque
985 1349 1119 1399 priore
1144 1347 1302 1399 quidem
1322 1347 1389 1387 illo
1407 1347 1503 1387 nihil
1522 1347 1743 1398 profectum

276 1428 371 1458 esse
403 1417 554 1459 dixeris
572 1450 584 1469 ‚
616 1429 703 1458 cum
734 1418 831 1459 satis
861 1418 1048 1466 habuerit
1076 1418 1255 1472 sophista
1286 1430 1438 1472 negare
1463 1419 1595 1472 potius
1627 1429 1743 1471 quam

280 1491 511 1532 condiderit
540 1492 704 1545 aliquid.
764 1491 844 1533 Sed
886 1491 966 1532 hoc
1003 1492 1092 1544 ipso
1121 1491 1267 1545 placito
1297 1493 1539 1545 Protagoras
1580 1496 1644 1542 et,
1678 1492 1745 1543 qui

280 1576 371 1605 cum
402 1564 469 1605 illo
503 1563 581 1605 hac
611 1566 650 1605 in
680 1576 726 1605 re
756 1565 969 1618 congruit,
996 1565 1169 1617 Gorgias
1198 1563 1474 1616 ostenderunt,
1505 1564 1620 1604 aliam
1651 1575 1744 1604 esse

256 1637 550 1691 vquaerendam
595 1649 733 1678 veram
778 1638 997 1678 essentiam
1042 1648 1158 1690 quam
1206 1649 1308 1690 quae
1350 1637 1470 1691 vulgo
1515 1638 1742 1678 diceretur:

276 1722 393 1763 quam
425 1710 585 1763 quidem
617 1709 939 1762 investigandam
971 1709 1046 1762 ipsi
1076 1710 1168 1749 aliis
1199 1708 1455 1761 reliquerunt.
1504 1708 1632 1749 vMulto
1655 1708 1742 1761 plus

274 1795 375 1823 vero
418 1783 468 1823 ad
509 1782 803 1836 philosophiam
833 1782 1149 1835 promovendam
1191 1793 1242 1822 eo
1286 1781 1452 1822 contulit
1480 1781 1739 1835 Protagoras,

275 1856 383 1908 quod
428 1856 628 1896 hominem
678 1855 777 1895 dixit
818 1855 992 1895 omnium
1036 1866 1170 1895 rerum
1215 1866 1454 1894 mensuram.
1532 1853 1593 1893 Eo
1633 1854 1739 1893 enim

275 1932 447 1969 mentem
496 1928 557 1969 sui
601 1928 807 1969 consciam
847 1926 1026 1968 reddidit
1072 1927 1274 1981 rebusque
1320 1927 1567 1980 superiorem
1618 1938 1741 1980 prae-

271 2002 418 2055 posuit.
477 2001 589 2053 Mens
629 2012 729 2041 vero
759 1999 925 2041 simulac
965 2000 1025 2040 sui
1057 2010 1222 2053 compos
1251 1999 1356 2040 sacta
1396 2003 1483 2049 est,
1523 1999 1738 2040 insolentia

272 2074 443 2128 quadam
472 2074 587 2128 quasi
613 2074 795 2128 gestiens
823 2074 953 2114 iustos
983 2072 1085 2113 fines
1113 2073 1301 2113 excessit.
1357 2070 1455 2113 Nam
1486 2083 1575 2112 cum
1605 2083 1737 2112 rerum

274 2149 480 2200 essentia,
522 2159 624 2199 quae
667 2148 832 2200 insuper
876 2150 1067 2199 perpetua
1097 2146 1275 2185 motione
1307 2144 1412 2185 facta
1449 2148 1515 2185 est
1556 2144 1737 2195 relativa,

273 2232 296 2259 a
338 2232 526 2260 sensuum
572 2219 850 2260 affectionibus
894 2230 967 2271 pro
1008 2218 1170 2258 diverso
1211 2219 1299 2258 sive
1346 2218 1527 2258 eiusdem
1564 2217 1738 2258 hominis

277 2293 363 2332 sive
414 2293 664 2333 diversorum
714 2292 851 2332 habitu
896 2290 1067 2330 diversis
1112 2294 1195 2330 tota
1237 2289 1438 2343 pendeat,
1488 2301 1570 2330 non
1617 2289 1737 2329 homo

273 2363 363 2403 κατ’
394 2361 503 2412 εἶδος
533 2364 675 2415 dictus,
706 2363 780 2405 sed
808 2374 911 2404 unus
944 2363 1112 2416 quisque
1140 2362 1261 2403 homo
1287 2374 1419 2403 rerum
1449 2366 1511 2402 est
1533 2373 1734 2402 mensura.

272 2435 418 2477 Mentis
439 2438 543 2477 enim
564 2438 676 2478 notio
707 2449 789 2478 non
821 2440 882 2476 est
912 2436 1134 2476 communis
1162 2434 1372 2488 quaedam,
1401 2433 1451 2474 ad
1472 2445 1587 2487 quam
1603 2435 1737 2475 omnia

275 2511 356 2550 sint
388 2494 628 2561 referenda,
669 2509 742 2551 sed
776 2522 923 2551 ¹verum
953 2513 1013 2549 est
1041 2509 1148 2562 quod
1178 2515 1280 2549 unus
1310 2507 1477 2559 quisque
1511 2507 1597 2563 ἰδίᾳ.
1627 2521 1737 2562 φρο-

270 2579 393 2634 νήσει
433 2591 571 2620 verum
617 2593 709 2622 esse
750 2586 871 2635 putat.
929 2582 1060 2634 Atque
1098 2581 1178 2621 hoc
1219 2583 1279 2619 est
1318 2580 1534 2633 praecipue
1565 2590 1644 2633 quo
1685 2577 1735 2617 ab

270 2653 474 2695 Heraclito
504 2653 744 2707 Protagoras
774 2656 917 2706 differt,
946 2666 1104 2708 quoque
1132 2652 1380 2706 singulorum
1413 2654 1616 2706 utriusque
1645 2650 1735 2704 pla-

273 2728 443 2768 citorum
484 2726 753 2778 discrepantia
798 2732 881 2768 tota
920 2727 1153 2780 explicatur.
1213 2711 1396 2778 S'ophista
1428 2727 1532 2766 enim
1572 2723 1736 2764 alteram

271 2801 544 2842 tantummodo
566 2799 818 2841 Heracliteae
841 2801 1049 2841 doctrinae
1070 2804 1236 2852 partem,
1267 2811 1370 2852 quae
1399 2803 1460 2839 est
1489 2798 1539 2838 de
1569 2801 1732 2838 aeterna

270 2874 465 2926 motione,
495 2885 607 2915 suam
638 2872 750 2924 fecit,
783 2873 933 2913 omisso
962 2873 1045 2925 illo,
1076 2883 1154 2925 quo
1184 2873 1402 2913 motionum
1426 2870 1599 2912 varietas
1621 2870 1735 2924 quasi
