1871 3204
736 128 1067 176 ...44—

162 253 216 299 Ut
239 266 376 306 unum
390 256 569 307 afferam,
600 256 688 309 ipse
704 252 849 300 Cicero
878 257 935 309 (si
950 255 1114 311 quidem
1137 260 1200 298 est
1212 254 1378 310 Greci-o)
1397 258 1449 304 de
1467 257 1624 307 lavent.

163 328 235 371 lib.
263 328 312 374 11,
345 341 430 383 cap.
461 328 508 369 ΙΙ.
541 333 577 379 §.
606 327 648 370 6.
706 328 839 370 Tisiae
879 328 1015 371 tribuit
1056 328 1164 382 quod
1193 328 1341 379 Coraci
1369 329 1624 394 tribuendum

167 407 281 454 erat,
324 402 429 442 illum
458 401 679 454 principem
707 388 826 454 atque
864 402 1115 445 inventorem
1152 393 1251 444 artis
1278 402 1530 452 nominans
1505 431 1528 454 ,
1558 392 1627 456 qui
1717 413 1719 415 ·

166 483 215 515 re
252 471 475 526 inventoris
513 470 587 514 fuit
629 471 860 527 discipulus.
916 471 967 514 Et
1000 470 1242 517 Aristoteles
1275 471 1412 521 verbis
1449 471 1626 526 quidem,

166 544 296 597 qualia
320 554 344 584 a
375 543 577 585 Cicerone
602 544 877 598 perhibentur,
904 548 1116 597 antequam
1145 544 1279 592 Corax
1306 548 1348 586 et
1373 543 1503 585 Tisias
1532 542 1625 584 elo-

164 615 354 670 quentiae
395 619 524 658 artem
566 616 875 669 condidissent,
920 617 1093 671 scriptas
1137 615 1264 658 ruisse
1293 615 1349 658 ait
1375 615 1623 671 Protagorae

166 699 302 729 rerum
341 687 551 736 illustrium
594 688 913 742 disputationes:
957 690 1021 731 sin
1048 692 1182 749 autent
1197 680 1199 682 ’
1214 687 1491 750 necessarium
1527 699 1626 741 spe·-

163 763 250 801 ctas
291 770 493 813 sensum,
524 758 592 802 hic
622 764 711 806 est:
740 772 988 811 communes.
1015 754 1257 816 illosleeos
1279 760 1541 816 «Protagorae
1580 760 1625 802 in

162 832 567 875 Graeciaexstitisse
607 838 649 875 et
674 834 715 874 in
751 845 828 874 usu
865 833 1015 885 fuisse,
1055 825 1199 892 donec.
1214 835 1349 879 Tisiae
1386 844 1495 875 nova
1534 837 1622 875 arte

161 903 345 946 Athenas
374 916 427 945 ex
453 905 590 955 Sicilia
618 905 906 946 -translatailli
930 904 1198 956 obsolessent.
1240 906 1369 955 :Quae
1408 904 1623 959 explicatio

159 987 250 1017 eum
279 988 412 1030 neque
437 976 685 1031 Protagorae
716 978 838 1019 aetati
864 982 1076 1032 repugnat,
1103 981 1265 1020 tumeo
1285 989 1444 1034 (pioque
1481 976 1620 1035 firma·

159 1052 237 1099 tur,
268 1049 378 1101 quod
407 1049 551 1090 Cicero
589 1057 839 1103 nequaquam
854 1052 957 1103 ipsa-
981 1050 1211 1092 Aristotelis
1238 1050 1364 1091 verba
1389 1050 1432 1091 in
1459 1059 1619 1091 sermo.

157 1133 254 1165 nem
281 1121 463 1164 Latinum
490 1123 663 1171 vertisse
690 1122 888 1177 putandus
915 1126 1000 1165 est:
1032 1122 1138 1177 apud
1166 1122 1363 1166 Graecum
1395 1134 1493 1176 vera
1511 1132 1622 1173 sea—

160 1196 286 1237 teutia
312 1195 486 1236 fortasse
511 1196 650 1237 verbis
675 1185 902 1237 accuratius
931 1185 1140 1249 conceptis
1165 1206 1359 1248 expressa
1388 1198 1487 1254 erat.

270 1266 399 1310 Geelii
423 1277 584 1322 quoque
606 1266 826 1322 „disputatio
853 1267 1057 1323 copiosius
1074 1299 1087 1322 ‚
1127 1279 1245 1323 quam
1270 1266 1359 1322 ipsa·
1387 1265 1511 1322 digna
1543 1267 1620 1319 est,

157 1344 250 1381 erat
272 1341 482 1381 tractanda
498 1370 511 1391 ,
532 1353 587 1381 ne
616 1341 657 1381 in
691 1346 894 1392 posterum
922 1346 1060 1382 esseut
1087 1343 1153 1394 qui
1177 1341 1281 1381 illum
1311 1344 1517 1381 auctorem
1547 1350 1621 1378 se-

154 1416 398 1466 querentur,
440 1400 484 1454 ut
523 1412 881 1456 Winekelmannus
922 1412 1077 1468 proleg.
1123 1412 1176 1455 ad
1204 1412 1298 1456 Plat.
1321 1409 1492 1466 Euthyd.
1521 1421 1618 1465 pag·
1641 1455 1649 1458 ,

156 1484 338 1526 XXXIX.
381 1489 422 1526 et
451 1485 731 1529 Stallbaumius
772 1486 916 1541 disput.
960 1486 1012 1528 de
1040 1485 1289 1541 Euthydemo
1319 1483 1493 1527 Platonis
1524 1494 1619 1537 pag.

156 1555 225 1598 63.
255 1560 297 1598 et
325 1555 393 1599 64.
1032 1590 1041 1593 ,.

830 1673 872 1720 s.
904 1668 946 1711 3.

279 1766 326 1808 ln
364 1766 673 1821 Ephemeridum
713 1768 849 1810 Litter.
878 1768 1036 1811 lenenS.
1069 1766 1187 1810 1809.
1216 1770 1311 1809 torn.
1333 1766 1364 1808 1.
1394 1776 1487 1821 pag.
1519 1759 1614 1807 167.

152 1837 382 1881 Boeckhius
426 1839 687 1894 Protagoram
737 1841 962 1895 olympiade
1001 1841 1266 1895 nonagesima
1311 1843 1450 1894 quarta
1493 1837 1617 1879 vitam

152 1912 339 1964 posuisse
368 1911 468 1956 dicit
496 1914 691 1979 Diogenis
721 1913 868 1955 Laertii
896 1913 1132 1955 auctoritate
1162 1913 1308 1964 nixus,
1313 1912 1416 1966 qui
1442 1910 1511 1952 lib.
1544 1908 1612 1955 IX.

152 1988 191 2033 s.
206 1984 274 2028 56.
305 1985 528 2027 secundum
547 1975 836 2039 Apollodorum
864 1986 1051 2028 floruisse
1080 1985 1187 2027 illum
1217 1986 1327 2027 circa
1348 1974 1614 2037 olympiadem

154 2058 445 2112 octogesimam
485 2063 665 2112 quartam
704 2060 923 2106 memoriae
963 2041 1198 2113 prodiderit.
1256 2058 1337 2100 lam
1377 2068 1467 2097 cum
1507 2064 1618 2098 anno

152 2130 361 2172 tricesimo
388 2135 520 2173 aetate
551 2131 722 2174 maxime
750 2125 951 2187 viguerint
978 2131 1152 2184 Graeci,
1193 2129 1420 2185 quoetiam
1450 2126 1615 2182 potissi-

152 2214 257 2243 mum
285 2215 436 2246 uxores
467 2204 618 2245 ducere
645 2206 727 2246 sint
753 2204 860 2246 soliti
877 2225 903 2255 ‚·
927 2203 1191 2258 Appollodori
1230 2203 1363 2250 verbis
1394 2201 1614 2255 sophistam

151 2274 321 2318 indicari
366 2276 595 2332 olympiade
635 2277 885 2332 octogesima
929 2282 1068 2331 quarta
1110 2289 1257 2318 annum
1285 2274 1421 2330 egisse
1452 2271 1616 2315 tricesi-
1702 2304 1705 2307 ,

151 2359 258 2389 mum
275 2361 287 2398 ;
334 2350 623 2403 quoniamque·
644 2350 897 2404 septuaginta
941 2361 1015 2402 per
1061 2360 1192 2390 annos
1232 2348 1281 2389 in.
1320 2347 1423 2387 vivis
1470 2344 1616 2394 fuerit,

149 2424 348 2461 mortuum
394 2433 487 2463 esse
530 2423 797 2477 nonagesima
843 2427 996 2476 quarta.
1068 2420 1296 2472 Ἀκμάζειν
1344 2413 1615 2471 (Πρωταγό-

149 2493 264 2547 ραν)
308 2490 412 2533 κατὰ
452 2491 525 2547 τὴν
557 2493 758 2549 τετάρτην
794 2493 869 2537 καί
905 2487 1474 2552 ὀγδοηκοστὴνιὸλυμπιάδα
1509 2488 1613 2530 Dio-

148 2565 268 2618 genis
298 2563 424 2605 verba
457 2569 550 2606 sunt
580 2578 603 2606 a
633 2566 839 2610 Boeckhio
870 2565 1058 2608 indicata.
1114 2564 1351 2618 >Ubicunque
1393 2572 1493 2603 vero
1533 2559 1612 2609 viri

148 2636 319 2677 alicuius
350 2635 534 2677 doctrina
574 2642 710 2678 arteve
737 2638 971 2680 excellentis
1001 2637 1139 2692 α’κμῆς
1169 2640 1323 2689 tempus
1355 2648 1378 2677 a
1404 2633 1610 2675 veteribus

147 2712 407 2762 memoratur,
435 2720 519 2750 non
548 2708 599 2750 de
631 2715 743 2752 certo
772 2712 946 2765 quodam
974 2712 1116 2753 aetatis
1148 2721 1256 2751 anno
1288 2709 1472 2765 cogitare
1500 2707 1611 2757 licet;

146 2780 221 2822 sed
249 2781 300 2823 de
329 2793 380 2823 eo
408 2785 612 2836 tempore,
651 2794 730 2836 quo
760 2784 910 2839 ingenii
939 2785 1083 2840 vigore
1111 2794 1202 2824 cum
1231 2783 1403 2824 maxime
1432 2779 1498 2820 ille
1518 2777 1608 2818 Ηίὶο-
1657 2769 1659 2771 ’

145 2854 284 2908 ruerit,
313 2854 355 2896 id
383 2855 491 2910 quod
519 2854 589 2898 alii
615 2855 696 2898 alio
724 2857 867 2899 aetatis
881 2857 1013 2912 gradu
1029 2856 1427 2912 contingatnecesse
1443 2854 1518 2893 est.
1546 2849 1605 2893 ha
