1871 3204
745 136 1106 185 —149-.-

187 264 281 304 dieti
306 255 314 288 ἶ
327 264 432 316 sint,
462 269 536 307 ‘aut
564 263 610 308 .ιι
640 268 763 309 Sexto
804 266 1004 320 Empirico
1047 267 1273 320 ceterisque
1316 264 1451 308 Corax
1490 267 1531 303 et
1571 262 1639 303 Ti-

186 326 281 378 siaS.
337 336 519 393 Plerique
560 339 719 393 quidem
763 339 886 382 Sexto
927 338 1043 380 fidem
1087 338 1333 380 hahuerunt:
1380 337 1433 379 ita
1478 334 1641 378 Geelius

186 420 279 463 pag.
301 411 381 453 «83.
429 424 483 453 ex
522 413 612 453 hac'
644 412 710 453 lite
758 417 887 453 ortum
933 404 1288 467 ait‘proeerbium
1324 410 1421 459 ¹‚illud
1465 407 1536 469 ,εἶρε
1564 424 1641 449 κα·

182 482 257 523 κοῦ
297 480 474 537 κόρακος
519 480 645 525 κακὸν
686 480 819 532 &osta
857 483 1110 531 temerarium
1150 493 1249 523 vero
1294 493 1387 523 esse
1428 480 1639 528 historiam

185 554 413 596 convellere
461 556 632 605 conari,
678 567 781 607 quae
825 554 1041 607 proverbio
1087 558 1215 596 ortum
1260 554 1428 595 dederit.
1503 555 1566 606 At,

183 625 324 668 eadem
358 629 421 667 est
452 629 676 669 ceterorum
703 625 790 668 fere
820 626 1031 669 sententia.
1076 624 1156 668 Sed
1185 629 1313 666 ortum
1348 637 1437 666 esse
1465 565 1639 680 proi&

183 699 289 757 bium
315 710 375 738 vex
410 698 478 739 lite
508 699 572 746 illa
593 699 759 740 Coracis
789 703 830 739 et
860 699 994 739 Tisiae
1013 698 1197 753 equidem
1221 694 1301 739 non
1333 698 1477 739 credo:
1506 711 1637 753 neque

185 772 291 813 enim
314 776 407 814 tunc
436 772 562 825 ipsum
584 771 635 812 ab
664 783 744 813 uno
777 784 828 813 ex
855 771 1072 825 judicibus
1085 768 1287 812 inventum
1306 770 1476 822 videtur,
1509 783 1637 826 neque

184 845 347 885 omnino
378 843 456 884 tale
485 838 558 893 est,
585 842 692 897 quod
715 842 792 895 14,
803 844 1084 889 inveniendum
1116 848 1230 885 certo
1260 842 1432 895 quodam
1455 843 1541 883 viro
1572 845 1637 883 cui

184 928 332 968 nomen
361 919 470 958 esset
497 916 641 958 Coraci
681 911 782 971 opiis
809 916 971 959 suerit.
997 917 1070 958 Est
1096 917 1215 958 etiam
1246 914 1349 970 apud
1381 914 1482 957 alios
1510 927 1639 969 popu-

181 989 271 1030 los:
315 989 408 1046 quid
441 986 612 1031 similius
636 990 715 1055 hoc
748 994 914 1031 nostro:
959 990 1051 1031 Wie
1095 989 1160 1030 die
1200 989 1342 1030 Henne
1375 1000 1423 1029 so
1463 988 1536 1028 das
1563 987 1638 1028 Ei:

183 1064 295 1105 cuius
340 1064 542 1117 proverbii
580 1066 777 1119 originem
818 1059 909 1118 quis
946 1078 967 1106 a
1008 1064 1174 1106 muliere
1211 1064 1342 1117 aliqua
1378 1061 1518 1104 Henue
1559 1074 1640 1103 no-

181 1137 329 1178 minata
366 1137 623 1190 repetendam
653 1149 745 1178 esse
784 1137 984 1179 censeat?
1037 1135 1227 1191 Fortasse
1256 1136 1335 1178 iam
1366 1140 1457 1176 ante
1475 1140 1642 1196 utrum-

181 1221 287 1262 que,
332 1214 372 1251 et
412 1210 670 1282 Protagoram
712 1214 752 1251 et
790 1210 1017 1262 Coracem,
1061 1210 1206 1251 Graeci
1251 1209 1438 1251 dicebant
1475 1210 1522 1250 ἐκ
1563 1225 1637 1250 κα-

180 1283 258 1322 κοῦ
286 1267 461 1334 κόρακος
497 1267 621 1323 κακὸν
661 1281 772 1333 ωόν
815 1286 935 1336 atque
964 1282 1146 1334 iudices,
1193 1294 1280 1323 cum
1312 1283 1513 1336 litigantes
1549 1282 1640 1323 abi-

181 1368 228 1396 re
264 1355 473 1406 iuberent,
516 1356 555 1396 in
596 1354 797 1408 sophistas
837 1354 925 1396 illos
955 1354 1045 1396 hoe
1085 1355 1310 1408 proverbio
1342 1354 1476 1402 invehi
1518 1359 1639 1409 pote-

183 1431 274 1467 rant
316 1427 401 1470 iure
441 1437 522 1467 non
560 1427 726 1467 minore.
753 1439 868 1480 quam
911 1428 949 1468 in
990 1427 1187 1474 Coracem
1211 1432 1268 1471 ,et
1304 1427 1463 1468 Tisiam.
1521 1428 1639 1482 Scio-

180 1500 242 1541 lus
272 1512 371 1542 vero
401 1497 573 1555 aliquis,
614 1498 865 1553 proverbium
895 1500 1056 1548 nonnisi
1085 1500 1124 1542 in
1156 1499 1350 1546 Coracem
1377 1499 1513 1543 valere
1544 1500 1639 1554 opi-

180 1570 295 1613 natus
332 1584 449 1625 quum
480 1573 653 1613 nominis
689 1572 888 1613 cavillatio
923 1574 1069 1613 inesse
1108 1573 1546 1628 videreturffl'abulam
1586 1574 1637 1613 il-

179 1644 257 1687 lam
292 1645 343 1688 de
375 1645 540 1688 Coracis
579 1657 667 1686 cum
696 1645 799 1687 Tisia
830 1645 897 1687 lite
923 1649 1174 1695 commentus
1206 1649 1278 1690 est.
1351 1644 1483 1687 Talem
1530 1645 1635 1690 enim

179 1718 303 1758 luisse
341 1712 572 1758 fabellarum
620 1717 898 1770 permultarum
944 1719 1142 1771 originem
1187 1718 1226 1757 in
1269 1717 1410 1772 vulgas
1452 1722 1514 1760 est
1554 1730 1636 1761 no·-

176 1794 256 1831 tum
285 1791 345 1843 ⁹).
399 1790 496 1832 Nisi
543 1790 646 1831 forte
673 1790 868 1831 narratio
910 1790 988 1831 ista
1017 1789 1202 1832 confecta
1243 1794 1304 1833 est
1335 1792 1423 1832 sive
1464 1790 1513 1831 ad
1559 1802 1634 1833 so-

177 1858 394 1915 phistarum
446 1863 654 1904 rationem—A
681 1873 833 1902 ‘vanam
880 1866 999 1915 atque
1041 1862 1286 1916 argutiorem
1338 1861 1631 1913 cavillandum,

177 1936 265 1977 sive
306 1947 327 1977 a
356 1921 519 1993 rhetore
560 1934 692 1989 aliquo
734 1934 813 1976 hoc
856 1930 1130 1990 argumentum
1156 1935 1465 1983 ‚exercitationis
1505 1946 1628 2000 causa

177 2111 267 2143 enim
292 2120 364 2145 rem
379 2091 800 2144 totamloanneseGellio
824 2110 1017 2155 exscripsit,
1041 2109 1077 2143 in
1103 2119 1145 2144 eo
1170 2114 1282 2144 tamen
1302 2108 1460 2148 consulto
1482 2107 1629 2144 aGellio

176 2157 373 2213 discrepo&
383 2156 476 2202 quod
500 2157 646 2191 aliorum
670 2158 905 2191 auctoritatem
933 2163 1073 2195 secutus
1098 2156 1323 2202 Pythagoram
1348 2157 1445 2195 dicit.
1461 2157 1521 2199 λιιι
1537 2158 1629 2196 enim

174 2205 404 2249 narrationem
419 2214 512 2238 suam
527 2203 720 2238 concludit:
735 2204 828 2249 „Nec
839 2203 984 2240 multum
996 2205 1101 2239 refert
1113 2204 1155 2239 ad
1167 2205 1398 2249 propositum,
1412 2200 1628 2249 Pythagoras

175 2263 217 2286 an
222 2252 449 2308 Protagoras,
473 2245 563 2285 sicut
576 2251 787 2294 Quintiliano
813 2251 930 2300 placet
949 2257 988 2288 et
1011 2240 1102 2286 A⁰alo
1126 2250 1249 2293 Gellio,
1275 2251 1483 2297 litigaverit.
1497 2263 1630 2298 neque

117 2330 120 2333 Α
174 2300 265 2335 enim
292 2301 345 2333 vis
371 2305 423 2333 est
449 2300 483 2332 in
510 2300 668 2333 nomine“
704 2304 739 2333 et
765 2310 798 2344 q.
823 2308 922 2355 seqq.
972 2299 1207 2337 Nihilominus
1227 2299 1318 2334 hunc
1342 2299 1483 2347 Ioannis
1513 2299 1628 2338 locum

173 2347 294 2389 Gellii,
321 2346 468 2391 Apuleii‚
492 2346 670 2391 Diogenis,
697 2341 1139 2381 testimoniisadnumerare
1163 2357 1231 2380 non
1254 2346 1397 2386 dubito:
1421 2358 1500 2382 nam
1524 2348 1630 2393 igno—

173 2401 227 2428 tus
262 2394 323 2428 ille
359 2400 504 2437 auctor,
543 2405 645 2440 quem
668 2393 929 2431 sarisberiensis
954 2401 1092 2429 secutus
1116 2394 1345 2439 Pythagoram
1371 2396 1408 2429 in
1432 2396 1534 2431 hue
1545 2401 1629 2430 ner-

173 2443 340 2481 ratioaem
365 2442 492 2484 intulit,
519 2443 594 2476 sive
619 2451 681 2481 suo
705 2443 780 2475 sive
804 2437 949 2479 fontium
974 2442 1098 2487 quihus
1124 2442 1285 2479 utebatur
1310 2453 1428 2478 errore
1451 2443 1628 2487 Pythago-

170 2501 228 2524 ras
250 2500 312 2535 pro
337 2486 540 2535 Protagoras
563 2491 770 2553 scripserat,
808 2486 925 2534 itaque
951 2489 1027 2523 iure
1059 2491 1186 2536 opponi
1209 2487 1326 2535 potest
1351 2490 1500 2525 loannes
1523 2492 1625 2525 Sexto

175 2539 304 2593 quique
318 2548 394 2571 cum
407 2538 513 2571 Sexto
528 2535 681 2572 ιἰιιιὶιιιιιζδ
683 2558 726 2572 -,-
745 2538 903 2574 Ceterum
923 2536 1072 2571 loannes
1082 2533 1331 2578 Quintilianum
1347 2541 1539 2574 memorans
1566 2549 1626 2571 re.-

173 2586 331 2631 spexisse
354 2584 490 2619 videm
513 2583 555 2618 ad
579 2585 638 2619 rib.
664 2585 724 2620 111.
753 2594 827 2628 cap.
852 2582 878 2617 1.
906 2585 934 2630 §.
962 2585 1020 2627 10,
1044 2583 1102 2620 ubi
1129 2584 1196 2622 hoc
1225 2592 1300 2621 est:
1326 2586 1525 2634 „Abderites
1537 2585 1622 2618 Pro-

171 2638 343 2677 ingeras,
362 2643 382 2666 a
409 2631 477 2677 q'uo
502 2633 621 2667 decem
649 2625 797 2667 millibus
824 2610 1040 2665 denariorum
1068 2622 1231 2700 didicisse
1254 2639 1360 2669 artem
1384 2620 1482 2679 qoam
1517 2628 1622 2666 edidit

172 2680 340 2715 Euathlus
365 2679 499 2714 dicitur.
499 2684 523 2702 ‘⁶‘
574 2691 577 2694 ’

264 2753 296 2796 “)
324 2750 503 2785 Ciceronis
528 2750 649 2784 verba·
660 2749 704 2783 de
717 2748 773 2785 Or.
801 2746 859 2781 lib.
874 2746 936 2782 111
965 2757 1040 2793 cap
1046 2749 1142 2784 XXI
1167 2752 1192 2793 8
1217 2750 1285 2785 81:
1303 2750 1442 2795 „Quare
1455 2742 1621 2783 Coracem

168 2798 270 2833 istum
294 2803 451 2835 'vestrum
473 2798 641 2842 patiamur
663 2808 726 2832 nos
756 2795 892 2842 quidem
921 2794 1036 2840 pullos
1058 2808 1143 2833 suos
1169 2798 1352 2844 exchidere
1375 2798 1410 2830 in
1434 2795 1535 2838 nido,
1561 2797 1620 2844 qui

170 2842 312 2879 evolent
325 2834 529 2879 clamatores
545 2843 656 2879 odiosi
672 2854 712 2878 ac
726 2841 894 2884 molestia,
918 2848 957 2877 ut
968 2834 1218 2897 intelligantur,
1245 2856 1321 2878 cum
1333 2843 1522 2890 Spengelio
1537 2854 1619 2889 pag.

168 2890 225 2927 27.
252 2898 367 2927 annot.
395 2892 452 2928 42.
479 2891 522 2928 ad
545 2892 764 2938 proverbium
789 2889 952 2936 refugere
976 2902 1194 2939 nequaqnam
1219 2902 1305 2937 opus
1333 2896 1394 2928 est.
