1871 3204
700 149 760 188 ὲ·-
835 126 926 183 129
995 149 1058 160 -·

261 250 444 294 Ceterum
475 251 553 294 huc
580 254 751 307 pertinet
779 253 965 296 Themist.
997 255 1065 296 Or.
1092 251 1230 296 xxm.
1262 263 1352 311 pag.
1370 251 1464 295 289.
1490 251 1608 302 (350.

152 324 317 377 Binda>
331 324 439 368 Ἐπεί
450 326 523 368 καί
533 326 746 381 Πρόδικος
762 328 837 369 καὶ
853 328 1149 382 Πρωταγόρας
1165 323 1186 367 ὃ
1202 327 1464 383 Ἀβδηρίτης,
1495 322 1516 365 o‘
1533 329 1613 377 μὲν

147 397 402 450 ὀρθοέπειάν
429 414 473 440 τε
507 400 579 439 καί
605 399 980 453 ὄρθορρηιιοσιῖνην
1017 402 1180 451 μισθοῦ
1210 397 1471 441 ἐκδιδάσκων
1511 396 1614 445 τούς

146 471 284 524 νέους,
313 467 334 512 ὃ
362 468 487 513 dard
503 471 739 522 Σιμωνίδου
765 485 808 512 τε
838 469 911 512 καί
925 467 1075 512 ἄλλων
1097 469 1310 525 ποιήματα
1337 469 1613 527 ἐξηγούμενος

149 545 355 597 σοφισταΐ
381 537 497 595 ὅμως
537 537 778 595 καῖ’,ἥστην
820 544 892 581 xm·
933 541 1171 595 ἐλεγὲσθην.
1232 544 1367 583 Falsus
1396 548 1458 584 est
1502 544 1609 582 enim

153 600 417 672 Spengelius,
458 614 523 668 qui
561 624 655 668 pag.
684 612 749 655 59.
770 614 1031 667 Συναγωγῆς
1070 615 1231 667 τεχνῶν
1273 614 1481 657 Prodicum
1526 614 1607 656 hoc

152 686 354 745 Themistii
395 687 487 727 loco
532 686 748 730 Simonidis
778 687 1045 739 ,interpretem
1076 689 1288 727 memorari
1328 692 1449 740 putat.
1506 690 1606 730 Nam

153 757 204 798 de
230 746 398 800 Prodico
416 758 588 811 *quidem
618 757 713 798 nihii
745 757 947 799 eiusmodi·
966 758 1160 811 innotuit,
1203 760 1277 800 nisi
1306 759 1411 801 forte
1440 765 1481 801 ut
1508 760 1604 802 iuud

152 834 342 870 statueret
368 831 408 870 id
438 829 592 869 induxit
617 824 895 882 Spengeiium‚
923 830 1027 883 quod
1059 835 1109 870 et
1126 832 1377 883 ὀρθοὲπειαν
1404 832 1603 884 Protago-

150 913 235 943 ram
262 893 459 941 tractasse
489 900 647 942 aliunde
678 902 830 949 sciebat
851 902 964 949 (vid.
984 914 1069 955 cap.
1099 902 1198 953 nt),
1226 907 1266 943 et
1292 902 1484 943 Prodicus
1505 903 1599 945 Piat.

150 972 253 1014 Prot.
284 985 375 1026 pag.
393 973 487 1014 340.
512 973 539 1014 B
555 978 598 1015 etv
613 972 706 1015 341..
728 974 759 1014 C
780 987 807 1015 -a
833 975 1004 1015 Socrate
1035 975 1230 1015 excitatus
1249 975 1443 1016 Simonidi
1472 986 1603 1027 popu-

146 1045 222 1085 lari
244 1045 399 1086 auxilio
430 1047 551 1087 venit.
606 1046 712 1098 Sed,
746 1051 792 1087 >ut
820 1047 869 1087 ab
901 1043 979 1089 hoc
1019 1047 1203 1099 incipiam
1224 1076 1236 1097 ‚
1267 1046 1369 1098 apud
1401 1046 1601 1087 Platonem

146 1128 227 1158 non
257 1117 464 1159 Prodicum
494 1118 566 1158 sed
597 1118 856 1173 Protagoram
874 1118 1094 1160 Simonidei
1124 1119 1313 1158 carminis
1347 1118 1601 1171 interpretem
1630 1162 1632 1165 ,

145 1191 497 1243 ageresneminem
529 1190 670 1245 fugere
695 1196 828 1244 potest
865 1190 965 1240 (vid.
997 1202 1089 1242 pag.
1110 1190 1215 1230 339.
1246 1191 1283 1230 A
1313 1195 1352 1230 et
1380 1202 1416 1242 q.
1452 1198 1602 1243 seqq.)‚

141 1267 184 1303 ut
212 1263 305 1315 quin
337 1262 540 1304 Themistii
572 1264 705 1304 verbis
736 1263 979 1316 Protagoras
1010 1262 1210 1303 indicetur
1239 1267 1443 1315 poetarum
1475 1264 1599 1304 inter-

140 1345 340 1389 presvego
368 1347 449 1376 non
482 1335 670 1378 dubitem.
729 1335 846 1384 Quod
873 1336 908 1376 si
939 1336 992 1375 ita
1022 1339 1096 1385 est,
1121 1334 1472 1389 ὀρθορρημοσύιή
1495 1336 1598 1376 Pro-

138 1407 218 1448 dici
245 1412 308 1448 est
346 1404 412 1448 ars
453 1407 551 1459 iiia,
585 1418 662 1461 qua
688 1407 854 1448 'similes
889 1407 1138 1448 diversorum
1169 1408 1381 1448 verborum
1411 1400 1598 1448 notiones

139 1479 429 1532 distinguemus
460 1480 540 1519 vid.
568 1480 806 1532 Spengelius
833 1465 1022 1532 pag.s46.
1058 1484 1100 1519 et
1126 1492 1164 1532 q.
1196 1491 1333 1532 seqq„
1362 1480 1598 1520 Weickerus

135 1550 204 1591 lib.
234 1550 339 1591 laud.
370 1562 460 1604 pag.
483 1550 596 1602 5593
625 1536 881 1607 ἅρθοέιιειοιν
909 1545 1012 1592 {tero
1041 1551 1175 1591 tribuit
1205 1551 1372 1610 Prodico
1403 1553 1597 1593 memoria

134 1623 269 1676 lapsus
300 1627 416 1680 atquo
445 1624 587 1671 similia
616 1624 740 1664 verba
770 1626 811 1665 in
844 1617 965 1683 unam·
992 1619 1239 1676 eandemque
1270 1636 1353 1664 rem
1376 1624 1594 1668 conferens

133 1695 234 1747 (vid.
249 1695 485 1737 Welekerus
498 1707 587 1750 pag.
599 1695 694 1737 559.
711 1699 846 1737 annot.
863 1695 991 1747 1630.
1007 1696 1209 1750 Spengelii
1221 1706 1400 1737 errorem
1414 1699 1593 1750 quamvis

48 1808 51 1811 Α
134 1770 213 1809 iam
240 1781 263 1809 a
285 1769 499 1811 Welckero
530 1770 555 1809 Ι.
587 1770 613 1822 Ι.
641 1773 819 1810 notatum
842 1770 965 1810 ‘etiam
994 1769 1243 1821 amplificavit
1257 1770 1470 1810 Lerschius
1501 1771 1590 1812 libri

126 1842 194 1895 qui
226 1842 453 1882 inscribitur
469 1842 541 1882 Die
555 1841 958 1909 Sprachphilosophie
988 1842 1061 1882 der
1078 1842 1194 1882 Alten
1228 1846 1321 1882 tom.
1341 1842 1368 1882 1.
1398 1855 1489 1896 pag.
1517 1845 1586 1883 15:

129 1914 220 1966 „Mit
251 1914 385 1954 dieser
398 1913 745 1967 Unterscheidung
767 1913 1076 1967 derSynonyma
1106 1913 1268 1954 scheint.
1289 1914 1390 1954 auch
1421 1927 1585 1955 zusam-

133 1985 439 2040 menzuhfingen
466 1986 583 2027 seine
610 1985 835 2040 Erklarung
863 1985 935 2026 der
960 1985 1137 2035 Dichter,
1163 1986 1354 2027 wodurch
1389 1999 1434 2026 er
1462 1988 1583 2028 einen

130 2059 354 2112 Haupttheii
370 2059 443 2100 der
458 2059 730 2100 hellenischen
743 2059 996 2109 Grammatik,
1012 2058 1076 2099 die
1093 2056 1283 2113 ἐξήγησις
1294 2061 1376 2099 τῶν
1390 2061 1585 2113 ποιητῶν,

127 2131 391 2186 begrfindete.
404 2132 642 2191 Vorzfilgiich
652 2139 760 2172 muss
773 2131 859 2171 sich
868 2131 1062 2172 Prodikus
1075 2143 1125 2171 an
1135 2131 1288 2171 seinem
1300 2132 1583 2173 Landsmanne

126 2203 353 2246 Simonides
368 2204 557 2245 ver-sucht
573 2204 726 2244 haben:
756 2203 837 2257 vgl.
851 2203 1007 2258 Protag.
1028 2203 1121 2245 339.
1142 2203 1190 2256 A,
1211 2203 1305 2244 340.
1324 2204 1373 2257 A,
1394 2204 1582 2246 Themist.
1648 2204 1680 2231 ·‘

124 2277 199 2319 Or.
209 2276 274 2317 lv.
293 2288 384 2331 pag.
412 2276 509 2318 113:
547 2273 762 2329 Πρόδικος
778 2299 832 2307 -—-
844 2274 895 2317 τοὶ
912 2275 1147 2326 Σιμωνίδου
1164 2291 1209 2316 τε
1227 2271 1451 2332 ‚casdaim
1466 2276 1583 2332 ποιή-
1623 2302 1624 2305 =

119 2366 237 2402 ματα
259 2348 574 2403 ’ἐξηγου’μενος“,
605 2353 645 2389 et
675 2360 766 2402 pag.
802 2349 873 2390 1-82
906 2347 985 2401 „So
1014 2347 1120 2388 kann
1151 2359 1197 2389 es
1225 2349 1335 2390 nicht
1365 2349 1578 2392 auffallend

121 2423 226 2473 sein,
251 2422 345 2463 dass
373 2423 487 2463 einer
517 2422 590 2462 der
617 2410 1043 2475 ausgezeichnetesten
1064 2421 1291 2473 Sophisten,
1321 2423 1575 2477 Protagoras,

122 2493 412 2547 dieJungtinge
445 2493 523 2548 τήν
554 2490 801 2548 ὄρθοέπειάν
829 2499 872 2533 τε
902 2493 974 2534 καί
1002 2487 1379 2549 ὅρθορρημοσύνην
1407 2495 1574 2549 gelehrt,

122 2568 201 2609 wie
227 2566 412 2610 Themist.
444 2566 640 2608 orat..1V.
671 2576 762 2620 pag.
781 2564 888 2618 113.
933 2564 1166 2607 berichtet.“
1224 2566 1437 2609 Lerschius
1469 2568 1572 2607 enim

117 2639 242 2680 verba
258 2638 321 2680 illa
341 2639 442 2679 Prot.
459 2650 549 2693 pag.
569 2639 663 2680 338.
683 2637 715 2678 Ε
743 2641 783 2677 et
800 2636 895 2677 339.
913 2637 962 2688 A,
994 2637 1138 2690 quibus
1156 2638 1397 2693 Protagoras
1427 2639 1476 2678 ad
1504 2639 1571 2679 Si-
1640 2688 1643 2690 ,

113 2713 286 2754 monidis
322 2724 482 2754 carmen
526 2712 800 2766 explicandum
844 2711 1102 2765 aggreditur,
1147 2714 1356 2755 oscitantia
1401 2712 1569 2764 quadam

112 2784 271 2827 Prodici
300 2798 394 2826 esse
423 2770 605 2838 opinatus
640 2789 714 2825 est.
757 2783 844 2824 Non
875 2783 1067 2825 Prodicus
1084 2776 1211 2840 ‘igitur
1237 2785 1309 2826 sed
1329 2785 1569 2838 Protagoras

106 2856 394 2912 interpretandi
426 2859 526 2901 artis
555 2859 704 2912 primus
734 2857 805 2901 suit
834 2860 987 2898 auctor.

917 2941 922 2946 “
1277 2934 1306 2979 9
