1871 3204
792 109 881 186 .-
959 152 1020 224 m
1093 178 1153 187 -

252 288 313 317 ea(
332 285 529 330 quaerere
558 288 651 318 sese
680 277 859 319 uoluisse
893 276 1049 321 addens
1087 290 1206 332 quum
1237 283 1426 321 accurate
1467 279 1620 321 definiri
1648 280 1720 320 vix

251 351 403 402 possit,
443 360 490 388 ea
535 359 586 388 ex
626 354 740 401 parte
780 350 888 391 eavit
921 362 975 391 ne
1010 351 1322 406 impugnaretur.
1395 352 1485 401 Quo
1524 356 1721 406 apparet,

254 423 358 462 hanc
391 421 745 460 demonstrationis
787 426 968 473 partem,
1013 408 1158 473 qnippe
1197 422 1754 474 quae-:Democritiu-netntew

256 498 339 532 tota
366 493 420 532 att
448 492 542 532 nixa
561 512 576 543 ,⁴
618 492 672 535 ab
699 493 787 545 ipso
818 494 1021 533 aestimari
1051 492 1159 533 haud
1189 494 1249 533 ita
1267 494 1419 548 mtgni.
1478 494 1613 542 Quare
1639 507 1717 534 ne-

253 576 330 616 que
374 575 454 617 ego
497 576 627 605 nune.
646 565 790 607 misstus
830 577 923 606 esse
952 566 1062 607 ·volo
1101 566 1145 607 in
1185 570 1371 608 veterum
1403 566 1471 607 de-
1496 567 1715 608 Democriti

250 637 498 688 temporibus
528 639 770 680 testimoniis
798 639 1069 692 congerendis
1097 644 1216 691 atque
1251 639 1555 687 examinandis,
1595 651 1716 692 quum

251 713 292 748 et
318 709 576 763 paragrapho
615 710 793 751 secunda
835 709 885 750 de
925 710 1061 751 iacobi
1091 710 1219 751 Geelii
1256 710 1478 752 rationibus
1509 710 1716 751 disserens

249 781 330 821 hoc
361 782 538 821 facturus
567 781 658 830 sim,
687 784 727 820 et
755 788 872 834 quam
901 780 1014 821 nihili
1041 780 1120 821 sint
1150 780 1280 822 Fereti
1310 786 1544 835 argumenta
1571 781 1645 823 vel¹
1662 793 1715 820 ex

250 853 375 907 ipsius
404 852 542 893 verbis
570 851 678 893 facili
708 864 830 906 opera
859 854 988 906 possit
1017 853 1191 894 ostendi.
1497 866 1499 868 ’

359 925 441 966 lam
472 926 524 966 ab
553 926 666 965 initio
697 925 747 965 de
777 930 976 978 tempor-e,
1009 937 1088 978 quo
1106 926 1359 966 Democritus
1387 926 1552 979 primam
1584 924 1715 986 lucem

248 999 468 1052 aspexerit,
497 998 626 1039 minus
655 1002 844 1039 accurate
873 998 1055 1051 disputat.
1085 998 1292 1052 Nunquam
1320 999 1497 1052 potuisse
1519 998 1716 1051 Protago-

254 1083 340 1112 ram
377 1071 598 1112 Democriti
627 1081 719 1111 esse
750 1069 1261 1123 discipulumfabellasque
1290 1070 1462 1111 aGeliio
1494 1070 1720 1123 ceterisque

255 1142 430 1194 proferri
456 1143 698 1183 vanissimas
716 1177 727 1195 ‚
767 1144 899 1204 capite
928 1143 1109 1183 seeundo
1142 1144 1365 1196 expositum
1393 1145 1486 1183 effi.
1507 1144 1627 1192 2Tum,
1654 1142 1718 1194 „Si
1799 1182 1801 1187 ,

251 1214 472 1255 Diodorum
503 1215 676 1255 Siculum
706 1216 946 1268 sequimur&
977 1216 1047 1266 ait,
1081 1226 1211 1267 „anno
1240 1213 1335 1256 404.
1363 1219 1544 1256 mortuus
1574 1218 1650 1266 est,
1677 1218 1718 1254 et

252 1286 472 1327 secundum
491 1287 743 1339 Hermippum
764 1287 924 1340 quidem
946 1287 1020 1327 sub
1043 1287 1160 1327 finem
1189 1289 1410 1337 auctumni;
1438 1286 1472 1327 si
1492 1286 1717 1335 Eusebium,

253 1359 350 1401 401.
408 1359 550 1401 Annos
584 1361 622 1400 ei
653 1360 787 1400 tribuit
823 1359 1071 1412 Hipparchus
1106 1364 1265 1400 centum
1295 1364 1338 1400 et
1368 1371 1544 1410 novem,
1575 1359 1717 1402 Lucin-

250 1442 327 1471 nus
368 1435 408 1472 et
448 1430 628 1485 Phlegon
672 1436 833 1472 centum
870 1436 910 1471 et
948 1436 1164 1484 quattuor,
1210 1430 1411 1472 Diodorus
1450 1435 1603 1474 >tuntum
1637 1442 1719 1470 no·-

253 1505 434 1556 naginta.
492 1504 603 1557 Ergo
643 1508 762 1544 natus
798 1508 862 1543 est
900 1515 1009 1543 anno
1050 1509 1117 1544 eut
1144 1504 1238 1544 509.
1269 1508 1339 1544 aut
1366 1504 1461 1558 504.
1500 1507 1568 1543 aut
1597 1502 1717 1547 491)ss

253 1576 372 1624 Quod
413 1576 669 1630 negligenter
713 1581 780 1617 est·
813 1580 1077 1629 supputatum.
1151 1577 1249 1618 Nam
1283 1577 1317 1617 si
1358 1575 1578 1617 secundum
1617 1575 1720 1616 Dio-

252 1634 395 1689 dorum
435 1654 544 1690 anno
584 1647 684 1693 404.
721 1653 916 1689 mortuum
957 1648 1156 1698 tammus,
1188 1652 1408 1688 natusest
1434 1652 1502 1687 aut
1529 1648 1623 1689 513.
1641 1648 1719 1690 -a'ut

250 1721 346 1761 508.
378 1725 447 1762 aut
473 1719 585 1771 4943
628 1721 663 1760 si
692 1716 913 1763 secundum
935 1719 1150 1760 Eusebium
1181 1720 1276 1770 401,
1305 1723 1371 1760 aut
1398 1719 1493 1760 510.
1524 1723 1591 1760 aut
1620 1718 1716 1760 505.

251 1794 318 1830 aut
364 1791 463 1832 491.
550 1790 669 1838 Quod
727 1790 874 1833 deinde
925 1802 1044 1830 unum
1089 1794 1282 1830 constare
1328 1790 1426 1830 dicit
1468 1802 1575 1831 anno
1621 1791 1716 1831 480.

250 1875 443 1904 summum
477 1864 614 1917 viginti
649 1864 823 1917 quinque
854 1864 917 1903 vel
945 1863 1105 1917 triginta
1135 1874 1265 1904 annos
1297 1875 1386 1903 eum
1417 1868 1551 1904 natum
1580 1863 1718 1914 fuisse,

250 1937 289 1976 id
320 1948 372 1976 ex
398 1934 552 1977 Frereti
583 1936 744 1989 quidem
777 1940 1014 1988 argumento
1043 1947 1123 1975 non
1154 1935 1412 1989 intelligitur:
1450 1948 1539 1976 nem
1568 1945 1718 1989 prove-

253 2014 341 2049 ctus
372 2020 532 2062 quoque
562 2013 696 2049 aetate
726 2010 787 2049 vir
824 2008 951 2061 potuit
982 2008 1261 2060 „s’entretenir
1287 2019 1389 2048 avec
1422 2007 1481 2048 les
1509 2020 1649 2062 mages
1676 2014 1719 2050 et

251 2081 441 2122 reeevoir
480 2080 589 2121 leurs
630 2081 927 2121 instructions.“
984 2080 1109 2120 Immo
1139 2081 1174 2119 si
1205 2090 1303 2119 vere
1330 2079 1491 2120 tradunt
1519 2080 1720 2121 Diodorus

252 2154 392 2194 mortis
434 2165 579 2194 annum
609 2152 707 2195 404.
746 2158 786 2193 et
828 2153 1078 2206 Hipparchus
1123 2153 1229 2192 vitae
1272 2153 1438 2205 spatium
1480 2157 1646 2199 centum,
1677 2158 1719 2194 et

251 2237 397 2266 novem
430 2236 627 2267 annorum
647 2256 659 2276 ,
687 2250 742 2258 --
776 2236 943 2278 quorum
982 2229 1164 2266 neutrum
1196 2236 1327 2278 neque
1365 2228 1489 2278 negat
1516 2225 1717 2277 Fron-etus,

251 2298 383 2351 neque
418 2309 497 2352 ego
538 2309 645 2339 nune
685 2298 840 2339 affirmo
872 2313 950 2338 —2
991 2298 1277 2348 Democritus,
1313 2308 1419 2337 anno
1450 2298 1560 2340 513.-
1583 2302 1716 2348 natus,

254 2382 343 2410 cum
373 2369 530 2410 Xerxes
559 2369 727 2410 Graecis
765 2369 923 2410 bellum-
944 2369 1111 2410 inferret
1145 2369 1387 2411 tricesimum
1432 2369 1588 2410 tertium
1632 2371 1716 2425 egit

254 2454 413 2484 annum.
479 2442 528 2483 Et
567 2455 654 2483 cum
694 2442 813 2495 Diog.
842 2442 974 2483 Laert.
1005 2443 1070 2483 lib.
1100 2442 1166 2482 lx.
1206 2447 1246 2491 §-
1275 2443 1356 2483 342
1402 2436 1555 2490 ΟὗτοςΙ
1569 2439 1718 2497 μάγων

252 2516 377 2557 τινῶν
408 2511 601 2567 διήκουσε
632 2540 685 2548 —--
722 2516 819 2569 παρ’
850 2508 909 2556 ὧν
935 2512 985 2556 τά
1015 2530 1060 2556 τε
1091 2516 1191 2569 περὶ
1220 2516 1438 2569 θεολογίας
1466 2514 1538 2556 καί
1562 2515 1717 2571 οἶστρο-

252 2589 396 2641 λογιάς
425 2585 583 2636 ἔμαθεν
608 2586 685 2629 ἔτι
719 2593 850 2636 παῖς
880 2581 949 2628 ὧν
977 2589 1111 2637 dicat,
1141 2588 1219 2628 hoc
1249 2587 1334 2627 fere
1363 2588 1484 2628 modo
1513 2588 1716 2629 Freretum

253 2661 430 2702 locutum
459 2670 552 2698 esse
583 2664 818 2712 exspectes:
863 2659 986 2713 „Tout
1016 2672 1065 2701 ce
1099 2671 1176 2713 que
1209 2659 1288 2701 l'on
1322 2664 1415 2713 peut
1445 2660 1530 2701 dire
1561 2661 1613 2715 de
1640 2660 1718 2701 Γό-

254 2747 390 2789 poque
423 2733 475 2773 de
506 2732 541 2782 la
572 2732 785 2773 naissance
815 2734 865 2773 de
879 2734 1107 2774 Democrite
1125 2733 1224 2773 c'est
1252 2733 1343 2785 qu'il
1374 2734 1480 2773 avait
1509 2744 1565 2772 au
1591 2732 1721 2772 nmine

255 2811 452 2858 quatorze
493 2816 547 2844 ou
585 2803 728 2855 quinze
770 2816 841 2845 ans
881 2818 930 2845 en
960 2805 1079 2848 480.“
1138 2805 1233 2845 Tum
1280 2805 1386 2844 hene
1427 2808 1597 2857 apteque
1644 2804 1721 2845 ad-

257 2878 454 2918 didisset:
507 2875 714 2930 „puisqu’il
759 2876 855 2915 etait
896 2889 946 2917 en
996 2877 1078 2917 etat
1120 2876 1170 2917 de
1217 2876 1474 2917 s’entretenir
1521 2886 1623 2917 avec
1659 2876 1720 2919 les
1776 2905 1782 2910 ι
