1871 3204
807 177 1138 220 „50-

254 305 362 347 illum
391 303 552 344 venisse
580 305 699 353 atque
723 301 867 341 florem
895 301 983 341 eius
1014 304 1106 340 tune
1135 298 1293 339 demum
1313 299 1515 352 incepisse
1533 297 1721 340 Herbstio

253 389 337 420 non
368 374 544 417 credam.
590 367 682 414 '‘Hx
699 372 872 425 μαζεν
902 370 1128 425 olympiade
1170 371 1420 425 octogesima
1451 376 1589 424 quarta
1610 402 1622 422 ‚
1653 370 1722 411 ait

255 447 464 503 Syncellus
498 457 595 499 pag.
627 445 720 486 248.
751 444 1030 486 AsEusebium
1070 447 1245 485 secutus.
1306 434 1410 484 ltem
1450 443 1722 497 Apollodorus

257 520 358 574 apud
387 519 507 572 Diog.
542 518 673 559 Laert.
705 517 771 558 lib.
803 517 945 567 lX.-§.
977 516 1057 557 56:
1092 514 1184 557 Kal
1211 514 1482 566 α’κμᾶζειν
1509 513 1615 555 κατὰ
1645 513 1721 568 τήν

252 591 461 647 τετάρτην
506 591 579 633 καί
627 588 905 646 ὀγδοηκοστὴν
946 585 1205 643 ὀλυμπιάδα.
1272 588 1459 630 Neutrius
1497 600 1549 629 ex
1583 587 1720 628 verbis

253 659 519 718 Protagoram
551 664 778 718 olympiade
823 665 1072 719 octogesima
1114 668 1252 715 quarta
1284 664 1453 716 primum
1481 661 1721 703 inclaruisse

210 739 214 740 ’
251 741 293 779 et
319 748 393 792 per
423 740 516 778 octo
547 735 696 777 deinde
727 747 830 789 quae
861 737 966 778 hanc
987 734 1257 790 olympiadem
1288 735 1470 778 insecuta
1499 736 1578 778 sint
1596 735 1736 776 lustra·

252 810 306 852 ad
351 807 656 861 nonagesimam
700 812 880 859 quartam
921 809 1108 849 floruisse
1153 808 1289 861 colligi
1325 812 1472 861 potest.
1542 806 1723 857 ΝΜ

256 880 417 935 quidem
434 879 706 933 Apollodorus
735 888 854 919 unam
882 890 936 919 ex
970 879 1111 920 decem
1142 879 1305 921 exhibet
1334 878 1612 933 olympiadem,
1641 881 1721 933 m

253 953 514 1006 Protagoram
556 951 743 994 floruisse
789 951 884 992 dicit
924 956 1011 992 κατ’
1058 950 1242 1005 ἐξοχήν,
1288 951 1369 994 hoc
1408 952 1495 993 fere
1537 957 1720 1005 tempore

255 1037 374 1079 quam
405 1026 576 1065 maxime
610 1024 785 1064 valuisse
814 1023 921 1064 illum
955 1028 995 1063 et
1028 1024 1181 1076 ingenii
1221 1024 1373 1065 viribus
1407 1029 1447 1065 et
1474 1024 1720 1065 auctoritatis

254 1100 386 1154 gloria
419 1100 547 1152 magis
591 1102 906 1138 consentaneum
948 1101 1037 1147 est,
1081 1109 1197 1150 quam
1237 1093 1405 1149 primum
1447 1097 1542 1138 inde
1582 1097 1722 1138 florem

255 1173 344 1214 eius
386 1171 544 1223 cepisse
585 1171 751 1211 initium.
825 1170 1108 1211 Recentiorum
1154 1181 1252 1211 vero
1296 1169 1722 1224 chronographorum,

262 1244 389 1298 qualis
420 1243 620 1284 Eusebius
663 1248 725 1284 est
755 1248 795 1283 et
825 1242 1062 1296 Syncellus‚
1110 1255 1224 1295 quam
1268 1242 1369 1284 levis
1411 1243 1462 1285 sit
1502 1244 1542 1283 in
1583 1242 1726 1284 talibus

255 1317 495 1358 testimoniis
536 1317 779 1366 auctoritas,
821 1316 1004 1364 ostendit,
1038 1316 1141 1358 Frid.
1172 1316 1413 1357 Ritschelius
1451 1316 1549 1358 Mus.
1595 1316 1721 1358 Rhen⁴

258 1389 378 1431 1843.
408 1400 500 1442 pag.
532 1387 628 1431 628.
685 1389 789 1441 Apte
834 1389 955 1429 etiam
992 1388 1242 1430 Hermannus
1285 1390 1436 1430 monuit
1477 1400 1569 1443 pag.
1604 1388 1719 1431 364:

256 1462 432 1514 „Musste
465 1460 551 1500 sich
581 1461 823 1513 Protagoras
852 1461 963 1501 nicht
991 1461 1117 1501 sehon
1152 1460 1291 1501 fruher
1325 1472 1376 1500 an
1414 1461 1567 1501 andern
1599 1462 1724 1501 Orten

257 1533 577 1576 Griechenlands
608 1534 922 1587 ausgezeichnet
949 1534 1095 1583 haben,
1125 1533 1200 1574 ebe
1229 1545 1275 1574 er
1297 1534 1430 1574 Athen
1459 1546 1509 1575 zu
1538 1534 1723 1575 betreten

254 1618 400 1659 wagen
417 1605 498 1646 und
522 1606 612 1646 dort
633 1606 800 1646 solchen
818 1606 991 1646 Eintluss
1014 1606 1208 1659 erlangen
1231 1606 1382 1645 konnte
1392 1606 1435 1646 ‘?“
1465 1606 1724 1659 Nequaquam

257 1680 381 1733 igitur
411 1679 462 1720 de
494 1690 600 1719 anno
629 1678 725 1720 443.
757 1679 1040 1732 quadraginta,
1068 1690 1143 1731 per
1172 1689 1273 1730 quos
1305 1682 1429 1718 artem
1459 1689 1572 1719 suam
1600 1690 1726 1719 exer-

260 1752 402 1798 cuerit,
433 1750 637 1790 deducere
669 1751 767 1791 satis
797 1755 859 1790 est
891 1750 942 1790 ad
971 1751 1110 1790 mortis
1142 1761 1289 1790 annum
1314 1744 1594 1790 definiendum.
1668 1776 1671 1779 -

370 1822 451 1864 Sed
480 1834 583 1875 quae
610 1823 805 1864 hactenus
836 1824 1166 1875 pertractavimus
1196 1822 1371 1864 Herbstii
1400 1827 1634 1876 argumenta
1662 1823 1727 1863 le-

262 1894 377 1933 viora
426 1892 632 1944 quaedam¹
670 1905 762 1934 esse
809 1893 924 1933 dicit:
968 1904 1075 1932 nunc
1120 1893 1276 1933 demum
1322 1893 1373 1933 ad
1418 1896 1607 1947 graviora
1651 1905 1728 1934 nos

264 1969 532 2018 perventuros
570 1975 676 2005 esse.
735 1964 911 2013 Quorum
953 1966 1119 2018 primum
1162 1977 1214 2005 ex
1244 1964 1411 2005 Timone
1450 1969 1510 2005 est
1546 1969 1726 2020 sumtum.

265 2038 453 2078 Attamen
484 2036 560 2088 ipsi
590 2047 642 2075 ne
671 2035 753 2076 hoc
782 2037 941 2089 quidem
971 2049 1042 2090 per
1071 2049 1116 2077 se
1132 2037 1236 2077 'satis
1251 2035 1403 2094 firmum
1421 2035 1602 2076 videtur:
1633 2048 1724 2090 pag.

262 2108 330 2154 96.
362 2110 467 2149 enim
526 2108 604 2161 „Es
643 2110 801 2163 giebt‘⁴‚
838 2110 989 2163 inquit,
1032 2121 1136 2163 „von
1168 2109 1308 2150 Timon
1350 2109 1470 2149 einen
1501 2107 1618 2150 Sillus
1659 2099 1751 2150 auf*

265 2182 344 2222 den
372 2181 629 2234 Protagoras,
654 2182 694 2222 in
726 2181 816 2222 dem
846 2193 892 2222 er
920 2193 1000 2222 von
1028 2183 1109 2222 ihm
1138 2185 1244 2236 sagt,
1274 2181 1363 2221 dem
1393 2180 1626 2222 Giftbecher
1655 2180 1729 2222 des

264 2252 457 2295 Sokrates
486 2253 592 2293 habe
622 2265 668 2294 er
697 2254 789 2304 wol‚
818 2254 917 2295 aber
945 2254 1055 2295 nicht
1087 2253 1177 2295 dem
1194 2254 1305 2295 Tode
1323 2254 1525 2307 entgehen
1554 2253 1730 2303 konnen,

269 2325 388 2365 einen
416 2323 673 2378 Ausspruch,
703 2324 809 2365 nach
840 2324 930 2365 dem
959 2325 1123 2378 folglicb
1153 2324 1398 2378 Protagoras
1427 2324 1636 2364 entweder
1662 2325 1731 2364 mit

269 2397 459 2439 Sokrates
490 2397 675 2451 zugleich
704 2398 806 2438 oder
834 2397 931 2437 kurz
959 2398 1062 2438 nach
1095 2397 1175 2438 ihm
1205 2401 1355 2438 musste
1382 2396 1598 2450 angeklagt
1626 2396 1728 2437 sein.

258 2468 387 2509 ‘Zwar
425 2468 546 2510 liesse
584 2470 673 2510 sieh
716 2470 807 2510 hier
844 2469 989 2520 letam,
1032 2469 1161 2510 zumal
1200 2469 1266 2509 bei
1307 2468 1397 2509 dem
1426 2468 1619 2521 Dichter,
1663 2469 1730 2508 ein

268 2540 614 2585 Anachronismus
652 2543 904 2594 annebmen3
956 2542 1061 2584 doch
1105 2542 1212 2584 linde
1253 2540 1319 2582 ich
1358 2541 1411 2582 im
1453 2541 1560 2583 Plato
1608 2541 1734 2583 selbst

268 2617 362 2658 eine
393 2614 526 2666 Stelle‚
556 2617 658 2657 nach
688 2617 761 2658 der
786 2629 832 2658 es
864 2619 1111 2671 wenigstens
1140 2627 1285 2669 grosse
1303 2614 1735 2657 Wahrscheinlichkeit

268 2687 489 2736 bekommt,
524 2687 618 2727 dass
646 2699 690 2727 er
717 2700 789 2729 zur
819 2689 904 2730 Zeit
935 2687 1007 2729 des
1038 2686 1325 2730 Sokratischen
1351 2687 1567 2728 Prozesses
1595 2697 1730 2738 ange-

268 2762 381 2816 klagt
411 2759 584 2803 worden
612 2760 676 2800 ist.
732 2760 854 2802 Diese
880 2761 1001 2803 Stelle
1030 2763 1081 2802 ist
1109 2760 1312 2801 Theaetet.
1345 2761 1436 2801 171.
1466 2760 1523 2801 D:
1572 2757 1667 2799 Καὶ
1692 2759 1734 2800 εἰ

269 2833 613 2889 (Πρωταγόρας)
653 2832 804 2874 αὐτίκα
836 2836 1028 2876 ἐντεῦθεν
1058 2834 1292 2886 α’νακὺψειε
1331 2836 1462 2886 μέχρι
1489 2832 1577 2872 τοῦ
1601 2831 1732 2884 αὐχέ-

267 2922 350 2959 νος,
380 2907 514 2948 πολλὰ
545 2901 598 2948 ἂν
626 2907 702 2959 ἐμέ
732 2920 774 2947 τε
803 2907 968 2961 ἐλέγξας
999 2907 1229 2963 ληροῦντα,
1259 2905 1316 2955 ὥς
1349 2905 1395 2946 τὸ
1424 2900 1557 2956 εἰκός,
1586 2905 1657 2945 καί
1684 2902 1734 2945 σὲ
1774 2947 1777 2950 s
