1871 3204
841 132 1167 179 ..ΒΩ-

270 258 547 312 Quaecunque
578 254 692 296 tarda
720 258 826 306 sunt,
851 254 968 296 tardo
998 258 1108 296 motu
1134 253 1186 296 ad
1215 254 1349 297 affinia
1377 255 1580 299 feruutur:
1611 259 1651 299 et
1669 256 1739 299 ἴεἰς)

273 332 387 373 tarda
418 331 613 383 gignunt3
659 339 923 381 quaecunque
953 333 1083 373 autem
1128 327 1277 373 celeria
1315 330 1435 379 sunt,
1476 327 1600 371 celeri
1632 333 1741 374 motu
1814 359 1816 361 -

275 405 325 446 ad
343 403 476 444 affinia
497 401 691 452 feruntur,
721 405 760 441 et
786 401 847 441 sic
877 400 1025 442 celeria
1052 401 1235 455 gignunt.
1254 424 1310 433 —
1330 399 1425 443 Post
1453 401 1578 442 verba
1606 406 1738 448 autem

272 471 372 516 ὅσον
404 476 451 516 δὲ
478 468 538 515 αὖ
567 472 678 528 ταχύ
719 473 895 515 sortasse
925 474 1175 516 exciderunt
1211 473 1336 515 verba
1375 473 1420 515 ἐν
1454 472 1514 530 τῷ
1541 472 1659 531 αὐτῷ·
1686 485 1738 516 ex

269 547 546 600 superioribus
586 546 831 601 repetenda“
857 571 913 595 -ε
950 558 1029 600 quo
1057 546 1155 588 nibil
1183 547 1362 600 pravius.
1419 546 1518 589 Sunt
1546 546 1651 588 euim
1681 547 1736 587 ita

267 620 594 672 interpretanda:
638 619 771 672 „Haec
807 620 940 661 omnia
977 619 1101 673 igitur
1142 607 1380 670 moventur,
1422 618 1501 659 alia
1536 617 1733 670 celerius,

265 691 421 734 tardius
451 691 542 736 alia.
602 691 714 741 Quae
745 692 911 744 tardius,
941 692 982 734 in
1010 691 1155 733 eodem
1184 690 1277 732 loco
1306 695 1347 733 et
1374 701 1516 732 versus
1546 701 1597 732 ea
1629 701 1733 744 quae

264 776 391 820 prope
421 764 621 806 accedunt
646 770 860 806 moventur
890 770 1010 819 atque
1041 766 1099 807 sic
1130 766 1323 821 gignunt3
1361 776 1542 818 quaeque
1570 764 1632 807 sio
1664 763 1732 819 gi-

258 842 453 892 gnuntur,
482 836 661 879 tardiora
690 842 797 878 sunt.
842 838 955 887 Quae
974 850 1071 878 vero
1103 839 1289 891 celerius,
1319 838 1359 879 in
1390 823 1610 878 remotiora
1640 848 1732 878 mo·-

262 914 408 951 ventur
436 914 554 963 atque
584 910 643 951 sic
673 910 872 963 gignunt;
913 921 1097 963 quaeque
1125 911 1194 951 sic.
1215 911 1434 964 gignuntur
1452 940 1464 961 ‚
1495 912 1587 951 sunt
1617 908 1731 950 cele-

261 982 395 1024 riora:
424 994 563 1024 eorum
593 983 699 1022 enim
726 983 848 1023 motio
879 981 969 1023 talis
999 986 1075 1032 est,
1106 986 1149 1022 ut
1175 994 1259 1023 non
1286 983 1328 1023 in
1357 981 1502 1023 eodem
1531 981 1623 1022 loco
1651 992 1730 1021 ne-

261 1065 340 1108 que
371 1055 513 1095 versus
543 1065 593 1095 ea
624 1065 727 1108 quae
764 1065 891 1108 prope
920 1053 1119 1096 accedant
1154 1058 1417 1104 moveantur,
1455 1053 1529 1096 sed
1570 1058 1613 1095 ut
1642 1054 1728 1107 ipsa

258 1139 332 1180 per
365 1127 534 1180 spatium
572 1126 751 1168 ferantur
791 1128 831 1167 in
860 1128 1115 1171 remotiora.“
1169 1128 1271 1169 Nam
1302 1127 1450 1181 opponi
1478 1127 1583 1168 inter
1609 1137 1655 1167 se
1682 1126 1727 1167 ἑν

257 1200 315 1257 τῷ
348 1200 461 1258 αὐτῷ
492 1198 568 1255 τὴν
597 1200 759 1257 κίνησιν
789 1198 905 1255 ἴσχει
934 1204 975 1242 et
1003 1192 1173 1258 φέρεται
1201 1198 1281 1256 γὰρ
1324 1198 1399 1242 καί
1430 1201 1475 1243 ἐν
1504 1200 1619 1257 φορᾷ
1646 1192 1724 1239 &²3-

256 1272 341 1312 τῶν
370 1271 395 1325 ἦ
425 1274 585 1327 κίνησις
614 1275 801 1328 πέφυκεν
842 1277 961 1327 atque
1004 1275 1096 1314 item
1137 1271 1244 1326 πρὸς
1277 1270 1327 1314 τά
1371 1271 1652 1327 πλησιάζοντα
1684 1275 1724 1312 et

256 1340 364 1396 πρὸς
394 1341 445 1384 τὰ
479 1342 704 1397 πόρρωθεν
729 1345 1009 1388 Stallbaumius
1038 1346 1088 1388 ad
1119 1347 1156 1388 h.
1176 1346 1202 1387 l.
1230 1350 1341 1387 recte
1361 1345 1602 1387 observavit
1634 1344 1725 1385 col-

253 1413 345 1454 latis
376 1427 467 1469 pag.
501 1416 592 1457 181.
625 1416 656 1456 D
686 1421 724 1456 et
755 1417 935 1458 Parmen.
965 1429 1058 1472 pag.
1092 1418 1182 1459 138.
1206 1418 1246 1458 Β.
1289 1416 1417 1463 [11.ᾱο
1446 1417 1491 1458 ἐν
1520 1416 1577 1472 τῷ
1603 1415 1721 1471 αὐτῷ

250 1491 342 1540 post
372 1484 481 1540 ταχύ
516 1476 735 1531 inserendo
760 1491 936 1544 cogitari
956 1502 1038 1532 non
1071 1494 1192 1544 posse
1223 1494 1423 1544 appareat.
1460 1489 1599 1543 Neque
1618 1499 1721 1542 quae

252 1571 304 1599 ex
333 1559 394 1599 his
410 1560 583 1600 Platonis
612 1562 748 1611 verbis
780 1562 961 1614 „affinia“
990 1563 1217 1615 significent
1250 1574 1329 1615 ego
1346 1562 1560 1615 perspicio.
1593 1560 1717 1609 Quam

257 1644 356 1672 vero
370 1632 649 1674 Stallbaumius
666 1635 875 1687 proposuit
890 1635 1005 1689 huius
1032 1635 1112 1676 loci
1140 1634 1477 1685 emendationem,
1505 1645 1593 1674 eam
1613 1632 1717 1674 Cor-

259 1705 362 1744 narii
409 1707 649 1747 restitutioni
698 1707 941 1760 posthabere
982 1719 1064 1749 non
1102 1708 1254 1749 dubito.
1312 1707 1529 1749 Cornarius
1557 1706 1661 1746 enim
1693 1716 1717 1746 a

258 1778 395 1830 priore
429 1777 481 1818 τὰ
513 1778 560 1819 δὲ
589 1779 823 1831 γεννώμενα
855 1776 963 1821 οὕτω
1006 1777 1056 1835 δή
1098 1780 1300 1822 librarium
1342 1779 1513 1833 aliquem
1546 1779 1587 1820 in
1617 1778 1717 1819 alte·

261 1862 347 1891 rum
379 1851 591 1892 aberrasse
624 1852 845 1894 coniiciens
876 1855 1097 1895 orationem
1115 1853 1565 1896 effecitconcinniorem
1586 1851 1721 1893 omni-

252 1933 330 1975 que
360 1934 413 1962 ex
442 1929 554 1975 parte
585 1924 882 1976 perfectiorem,
912 1938 1026 1978 quam
1056 1926 1333 1968 Stallbaumius
1360 1930 1451 1966 ante
1479 1921 1715 1979 γεννώμενα

261 2007 432 2036 nserens
464 1997 619 2037 θᾶττον
650 2003 810 2040 servata
838 2000 879 2040 in
913 2001 1060 2040 ceteris
1090 1999 1274 2041 codicum
1293 1987 1491 2040 lectione.

390 2069 585 2109 Sensuum
634 2082 846 2124 rerumque
894 2071 1140 2112 sensibilium
1191 2076 1302 2112 ortus
1348 2072 1469 2124 igitur
1514 2070 1578 2110 hic
1622 2073 1684 2110 est
1703 2083 1722 2124 εμ

253 2139 482 2181 Contrariis
512 2142 697 2184 motionis
731 2142 876 2196 formis
918 2144 983 2185 ita‘
1011 2144 1274 2198 congressis,
1314 2147 1356 2184 ut
1395 2142 1520 2184 altera
1560 2146 1714 2197 ageret,

254 2212 377 2252 altera
427 2218 658 2266 pateretur,
704 2217 886 2274 oriuntur
924 2215 1103 2269 facultas
1144 2215 1341 2257 sentiendi
1383 2212 1628 2271 (αἴσθησις)
1676 2218 1716 2256 et

252 2286 427 2336 qualitas
459 2286 662 2328 sensibilis
693 2301 780 2329 cum
804 2288 991 2330 facultate
1009 2289 1072 2330 illa
1088 2302 1268 2343 congrua
1297 2288 1564 2344 (αἰσθητόν);
1594 2288 1715 2329 dein-

255 2356 304 2395 de
337 2357 521 2399 facultate
551 2360 751 2400 sentiendi
788 2361 973 2413 passiva,
1017 2361 1206 2414 qualitate
1249 2360 1432 2402 sensibili
1472 2360 1603 2400 activa
1646 2359 1713 2401 illa

254 2430 442 2471 motionis
490 2431 617 2473 forma
660 2433 861 2486 repletur,
906 2434 1013 2475 unde
1059 2438 1323 2488 procreantur
1358 2444 1502 2474 sensus
1540 2431 1714 2475 hominis

249 2499 426 2540 seruiens
453 2508 493 2543 et
522 2515 589 2543 res
617 2516 722 2557 quac
758 2505 940 2546 sentitur.
969 2531 1024 2539 -—
1071 2506 1249 2556 Qualitas
1288 2505 1490 2546 sensibilis
1527 2517 1617 2546 cum
1648 2504 1716 2545 sa-

250 2574 397 2616 cuttate
429 2578 628 2620 sentiendi
658 2591 837 2634 congrua
868 2584 955 2632 est,
992 2584 1035 2622 ut
1063 2593 1151 2622 cum
1178 2582 1269 2622 visu
1299 2579 1435 2633 color,
1460 2592 1549 2621 cum
1579 2579 1714 2621 auditu

248 2658 389 2689 sonus.

362 2721 480 2771 Quod
521 2721 571 2763 ad
609 2724 877 2769 illustrandum
908 2729 1099 2770 Socrates
1128 2726 1289 2768 Theaet.
1318 2739 1409 2781 pag.
1445 2724 1536 2767 156.
1564 2725 1597 2766 D
1630 2724 1709 2766 hoc

246 2794 368 2835 utitur
410 2795 624 2850 exemplo:
667 2796 868 2841 Ἐπειδὰν
897 2795 972 2842 οὖν
997 2796 1113 2853 ὄμμα
1146 2800 1219 2842 καί
1254 2795 1356 2841 ἄλλο
1394 2813 1434 2839 τι
1465 2799 1548 2839 τῶν
1576 2796 1707 2855 τούτῳ

243 2866 494 2924 ξυμμέτρων
522 2868 760 2927 πλησιάσαν
786 2870 966 2933 γεννήσῃ
998 2871 1073 2930 τὴν
1103 2872 1334 2929 λευκότητά
1364 2888 1406 2915 τε
1424 2870 1496 2914 καί
1510 2868 1709 2928 αἴσθησιν
