1871 3204
705 156 766 165 —·
834 149 889 175 Vl!
962 153 1024 161 *-

134 263 334 313 Studien
381 263 465 312 auf
495 263 606 311 dem
645 249 1021 313 akademischen
1041 261 1355 326 Gymnasium
1382 261 1431 307 in
1450 258 1597 307 Ham-

135 349 259 414 burg
292 364 422 396 anno
463 351 607 398 1832.
649 364 677 395 a
713 344 988 394 Christiano
1022 345 1297 392 Petersenio
1335 342 1453 390 editi
1487 359 1594 406 pag.

140 433 220 479 88.
257 441 305 479 et
339 449 388 496 q.
419 448 558 497 seqq.
593 430 845 494 copiosam
892 426 954 474 de
997 429 1259 491 Protagora
1295 425 1452 474 edidit
1496 424 1597 472 dis-

138 515 473 579 putationem,
508 524 793 577 quanquam
830 510 979 556 nimia
1014 496 1263 556 iudicandi
1299 507 1596 556 confidentia

140 599 430 663 amplaeque
478 594 733 642 doctrinae
781 594 943 657 specie
986 591 1197 656 quadam
1234 601 1282 638 et
1315 593 1595 656 magistrum

140 696 280 727 suum
318 676 649 727 Petersenium
688 674 803 734 (vid.
841 674 1039 738 praefat.
1076 691 1181 739 pag.
1210 672 1292 720 Xll
1310 673 1512 732 -le.)
1549 683 1598 721 et

138 758 407 806 Amadeum
459 742 745 805 NVendtium
794 757 945 816 (Gau.
999 759 1087 822 gel.
1136 761 1249 804 Anz.
1290 759 1433 805 1833.
1481 757 1592 804 fasc.

138 843 240 900 88.)
273 842 453 903 fefellit,
488 857 800 906 nequaquam
835 850 998 889 tamen
1028 839 1256 888 fefellit-C.
1275 841 1345 887 Fr.
1360 840 1596 887 Herman-

137 940 287 985 num,
332 924 417 987 qui
454 924 833 972 Zimmermanni
878 922 1258 988 Ephemeridum
1304 922 1597 981 (Zeitschrist

135 1006 210 1052 fur
243 1005 324 1053 die
359 1005 1004 1064 Alterthumswissenschal't)
1037 1015 1159 1053 tom.
1197 1004 1231 1051 l.
1263 1021 1375 1068 (pag.
1414 1005 1527 1052 363.
1549 1014 1598 1050 et

136 1105 185 1151 q.
219 1105 359 1152 seqq.
390 1089 566 1136 librum
604 1089 736 1136 illum
770 1090 942 1136 merita
978 1087 1361 1150 reprehensione
1396 1087 1595 1134 notavit.

138 1171 385 1218 Herbstius
421 1172 552 1218 enim
588 1172 909 1235 opinionibus
944 1171 1035 1216 illis
1065 1169 1127 1216 dc
1162 1169 1488 1233 sophistarum
1512 1186 1600 1216 na-

140 1260 247 1301 tura
290 1254 659 1318 praeoccupatis
705 1252 829 1300 adeo
880 1251 1136 1316 indulgens
1178 1251 1240 1299 ad
1284 1251 1597 1299 scribendum

139 1353 189 1383 se
223 1336 452 1398 contulit,
486 1346 541 1383 ut
568 1353 700 1400 *quae
737 1338 1028 1400 Protagorae
1059 1336 1253 1393 crimini
1287 1335 1425 1382 daret
1451 1334 1596 1382 undi-

138 1437 235 1483 que
269 1409 566 1482 corraderet,
603 1436 764 1484 neque
794 1420 889 1466 ulla
914 1436 964 1466 re
1002 1420 1151 1489 magis
1182 1417 1414 1483 gauderet
1444 1436 1593 1482 quam

137 1503 175 1548 si
210 1502 456 1566 sophistae
481 1503 669 1567 plagam
699 1503 926 1549 inflixisse
961 1501 1220 1549 videretur.
1269 1501 1382 1561 Quo
1418 1501 1596 1548 factum

141 1594 242 1647 est,
289 1594 343 1632 ut
387 1586 490 1632 eius
533 1585 595 1632 dc
643 1587 907 1649 Protagora
951 1586 1190 1632 sententia
1232 1602 1340 1631 cum
1379 1585 1597 1632 Philonis

140 1666 305 1714 ludaei
325 1676 429 1714 tota
450 1677 754 1732 congrueret,
790 1685 817 1714 a
838 1685 938 1732 quo
959 1671 1042 1721 τῆς
1060 1665 1187 1712 Κα”ι’ν
1213 1665 1447 1720 α’πονοίας
1465 1663 1596 1729 ἔκγο-

138 1766 216 1803 νος
250 1750 329 1796 ille
364 1750 554 1798 dicitur.
627 1751 879 1799 Graviores
915 1750 1115 1814 quidem
1147 1751 1356 1798 Herbstii
1392 1767 1596 1812 errores,

140 1842 194 1880 ut
240 1849 401 1897 neque
447 1833 662 1898 iniquius
706 1850 868 1898 neque
913 1834 1145 1880 temerius
1190 1850 1269 1880 me
1305 1835 1597 1897 vituperasse

140 1926 411 1981 appareret,
444 1933 531 1964 suo
567 1933 817 1980 quemque
851 1918 961 1964 loco
985 1918 1267 1980 perstrinxi:
1304 1935 1457 1981 quum
1480 1935 1595 1965 vero

139 1999 260 2047 nihil
296 1999 394 2046 fere
428 2000 504 2061 sit,
539 2000 589 2046 in
624 2017 724 2063 quo
757 2015 867 2046 cum
903 2000 985 2045 illo
1009 2016 1098 2046 nos
1118 2000 1393 2047 consentire
1415 2010 1593 2065 potuef

137 2082 302 2145 rimus,
328 2084 511 2147 singula
547 2100 771 2146 quaeque
795 2082 972 2129 diserte
1010 2082 1295 2146 impugnare
1331 2100 1423 2131 nec
1453 2086 1593 2147 potui

137 2182 225 2212 nec
263 2166 407 2212 volui.
466 2165 672 2212 Geistius
707 2165 922 2229 denique
961 2167 1093 2225 (nam
1125 2165 1187 2212 de
1222 2167 1394 2213 ceteris
1430 2166 1593 2213 dicere

136 2248 363 2295 hocloco
394 2248 515 2294 nihil
546 2249 734 2306 attinet)
774 2265 900 2313 quae
929 2249 1093 2295 libello
1123 2265 1268 2313 supra
1288 2249 1502 2297 indicato
1529 2250 1592 2297 de

136 2332 282 2379 natali
314 2333 603 2396 Protagorae
633 2332 904 2397 mortisque
938 2341 1164 2397 tempore
1195 2334 1360 2397 paucis
1395 2334 1593 2398 pagellis

137 2414 379 2479 disputat,
425 2431 735 2480 nequaquam
778 2426 890 2463 sunt
925 2418 1104 2480 inepta.
1173 2418 1344 2463 Totam
1380 2434 1493 2463 vero
1531 2417 1593 2463 de

135 2500 399 2562 Protagora
443 2498 832 2563 disquisitionem
883 2517 1018 2547 suam
1061 2501 1110 2548 in
1152 2501 1311 2547 lucem
1348 2499 1591 2547 editurum

136 2596 186 2626 se
223 2581 447 2643 promisit
481 2581 716 2644 quidem,
763 2581 848 2627 sed
869 2618 883 2643 ,
932 2592 1167 2645 quantum
1204 2582 1435 2646 equidem
1474 2585 1591 2644 scio,

136 2663 377 2726 promisso
421 2681 522 2711 non
572 2666 716 2712 stetit.
785 2665 950 2728 Quare
999 2666 1137 2730 quod
1174 2682 1468 2730 magnopere
1513 2666 1589 2711 ille

137 2745 406 2810 optandum
459 2747 643 2795 dixerat
688 2765 796 2795 cum
850 2749 1141 2813 Protagorae
1200 2748 1416 2796 nondum
1470 2765 1590 2794 con—

133 2829 348 2892 tigisset,
412 2832 503 2877 hac
557 2830 802 2897 scribendi
861 2833 1226 2896 opportunitate
1279 2833 1437 2878 oblata
1500 2848 1589 2895 ego
