1871 3204
271 263 407 316 μῆνας
435 255 567 314 ἦρξαν
588 262 659 316 τῆς
686 258 855 315 πόλεως,
884 258 941 311 ὥς
973 276 1102 317 φησιν
1118 257 1409 312 Ἀριστοτέλης
1435 258 1482 299 ἐν
1495 256 1732 309 Ἀθηναίων

273 333 475 391 πολιτείᾳε
533 333 603 375 Cui
633 335 860 377 sententiae
890 346 978 375 cum
1006 335 1132 374 ceteri
1156 333 1236 373 loci
1265 343 1430 382 omnes,
1467 339 1572 384 quos
1603 327 1733 368 Fritz-
1799 315 1809 332 '

276 405 412 448 schius
453 406 654 459 Aristoph.
694 406 982 461 Thesmophor.
1020 405 1208 469 editionis
1237 415 1327 457 pag.
1360 403 1458 445 308.
1508 399 1734 455 congessit,

273 477 450 518 vel-non
482 478 640 519 obstent
669 477 730 518 vel
760 477 880 518 etiam
913 474 1325 532 iimitateoepaddang
1354 471 1735 527 quid'Droysenium

275 551 549 602 commoverit,
574 554 617 589 ut
643 550 683 589 in
709 549 961 601 praefatione
989 548 1042 590 ad
1072 547 1570 599 Thesmophoriazusarum
1601 546 1733 586 inter-

275 621 537 675 pretationem
578 620 832 661 vernaculam
874 631 966 674 pag.
998 619 1092 662 229.
1139 618 1218 659 duo
1261 622 1410 659 tantum
1454 619 1732 671 permenses

278 692 592 749 quadringentos
635 692 856 743 imperasse
901 695 1139 741 statueret,·
1166 690 1350 742 equidem
1395 701 1477 730 non
1516 689 1731 742 perspicio.

270 752 332 812 Qe
356 762 663 816 quadringentis
698 762 795 803 viris
836 766 1006 816 egerunt
1040 765 1199 815 praeter
1238 760 1369 809 alios,
1411 761 1477 815 qui
1512 749 1738 802 occasione'

272 833 406 877 oblata
436 833 643 877 historiam
671 832 811 875 eorum
839 836 1068 889 tetigerunt,
1097 847 1174 876 van
1205 834 1398 887 Spaanius
1426 834 1539 884 sive,
1572 837 1614 873 ut
1648 843 1731 873 vo-

271 905 384 956 lunt,
428 904 690 947 Ruhnkenius
726 907 923 948 dissertat.
953 907 1004 948 de
1033 907 1276 960 Antiphonte
1311 909 1475 946 oratore
1506 905 1548 944 in
1577 902 1732 944 Reiskii

274 977 435 1019 Orator.
455 977 613 1024 Graec.
645 982 740 1020 tom.
770 979 848 1021 Vll.
888 991 979 1033 pag.
1010 980 1107 1023 815.
1136 983 1176 1020 et
1204 992 1241 1032 q.
1277 989 1393 1031 sqq.‚
1430 977 1660 1027 Kruegerus
1689 975 1732 1014 in

272 1048 647 1090 commentationum
685 1049 811 1090 critic.
851 1054 892 1090 et
918 1049 1061 1092 histor.
1102 1049 1154 1090 de
1190 1047 1434 1100 Thucydidis
1477 1048 1733 1088 historiarum

268 1123 380 1172 parte
424 1124 626 1172 postrema
655 1133 741 1174 cap.
775 1121 856 1162 Vll.
884 1133 976 1174 pag.
1007 1120 1103 1161 362.
1133 1125 1174 1160 et
1202 1132 1239 1172 q.
1271 1131 1358 1172 sqq.
1397 1119 1586 1160 editionis
1630 1119 1731 1160 Dio-

268 1192 375 1245 nysii
401 1191 791 1245 Halicarnassensis‚
820 1198 860 1234 et
887 1193 986 1235 Guil.
1017 1190 1356 1233 wattenbachius
1377 1190 1428 1233 de
1456 1191 1733 1246 quadringen-

270 1268 399 1307 torum
439 1264 609 1308 Athenis
648 1264 856 1316 factione,
893 1264 1027 1305 Berol.
1062 1264 1179 1306 1842.
1207 1288 1264 1299 --
1307 1264 1435 1304 Etiam
1463 1263 1591 1304 minus
1630 1274 1736 1304 vero

266 1336 475 1393 intelligo,
515 1348 587 1377 cur
613 1339 737 1390 pulsis
782 1336 937 1377 demum
969 1339 1132 1390 triginta
1172 1338 1351 1390 tyrannis
1388 1348 1498 1377 anno.
1525 1336 1620 1377 403.
1665 1337 1735 1389 qui

272 1407 655 1461 quadringentorum
697 1408 983 1449 dominationis
1011 1409 1225 1461 participes
1255 1408 1423 1449 fuissent
1451 1408 1630 1449 Athenas
1659 1421 1735 1449 re-

270 1479 356 1521 dire
384 1478 563 1532 potuisse
591 1478 800 1519 Herbstius
829 1480 1026 1531 opinetur.
1085 1479 1160 1527 Qui
1191 1491 1243 1520 ex
1272 1478 1573 1531 quadringentis
1601 1479 1732 1520 solum

272 1555 433 1591 vertere
464 1552 596 1591 coacti
640 1554 784 1601 erant,
831 1551 881 1591 iis
922 1563 1027 1591 anno
1057 1549 1151 1593 404.
1184 1556 1297 1592 certe
1325 1553 1366 1592 in
1394 1552 1562 1604 patriam
1593 1551 1733 1592 redire

267 1622 389 1663 licuit.
461 1622 558 1663 Nam
599 1623 899 1665 formidolosam
942 1624 1101 1678 triginta
1142 1625 1318 1665 virorum
1362 1624 1614 1677 tyrannidem
1644 1635 1732 1664 non

265 1706 411 1735 novam
441 1694 588 1747 fuisse,
629 1696 702 1737 sed
733 1696 903 1738 eandem
931 1697 1038 1738 illam
1076 1707 1183 1738 anno
1218 1698 1313 1739 411.
1358 1709 1590 1750 oppressam
1635 1701 1732 1738 tunc
1773 1740 1776 1743 ,

261 1767 537 1815 resurrexisse
563 1780 680 1809 nemo
708 1780 789 1809 non
815 1769 936 1810 videt.
995 1770 1126 1823 Atque
1157 1771 1320 1811 omnino
1342 1769 1482 1812 falsum
1513 1773 1587 1821 est,
1620 1768 1730 1823 quad

266 1850 339 1891 per
364 1839 531 1891 spatium
560 1839 664 1879 inter
692 1844 898 1892 utramque
927 1840 1177 1892 tyrannidem
1208 1841 1457 1880 interiectum
1489 1851 1631 1881 omnes
1661 1841 1729 1892 qui

268 1911 835 1965 quadringentorum¹imperii
877 1912 1089 1964 participes
1132 1911 1302 1951 fuissent
1338 1912 1458 1951 exilio
1500 1911 1564 1951 vel
1594 1916 1730 1952 morte

267 1984 392 2036 puniti
420 1983 484 2023 vel
513 1977 652 2035 ἄτιμοι
683 1983 775 2024 facti
804 1995 895 2025 esse
924 1995 947 2023 a
979 1983 1179 2024 nonnullis
1209 1983 1403 2023 dicuntur.
1461 1980 1584 2023 Immo
1618 1981 1728 2023 illius

268 2055 647 2108 quadringentorum
677 2054 865 2099 factionis
890 2055 1006 2106 socii,
1034 2067 1135 2107 quae
1149 2056 1399 2096 Aristocrate
1417 2058 1457 2094 et
1472 2053 1728 2095 Theramene

260 2126 428 2169 ducibus
457 2131 595 2167 contra
623 2132 849 2168 ceterorum
878 2109 1079 2167 libidinem
1110 2130 1153 2167 et·
1181 2126 1347 2166 iniurias
1380 2126 1528 2167 civium
1559 2127 1660 2168 vitas
1680 2132 1721 2168 et

261 2184 482 2241 libertatem
510 2197 732 2243 defendere
763 2197 1005 2250 conabatur,
1035 2209 1241 2252 quaeque,
1272 2208 1360 2238 cum
1392 2198 1613 2239 exercitum
1643 2197 1728 2240 iltis

261 2283 397 2325 parum
429 2270 567 2326 favere
603 2276 846 2324 compertum
882 2276 1018 2322 esset,
1061 2271 1173 2311 brevi
1214 2276 1394 2323 tempore
1431 2272 1728 2314 incrementum,

261 2345 367 2397 cepit
395 2342 503 2387 haud.
532 2343 742 2398 exiguuuu
782 2353 920 2386 eorum
952 2342 1097 2397 igitur,
1128 2343 1215 2395 aio,
1243 2343 1349 2385 hand
1379 2345 1433 2385 ita
1464 2345 1600 2398 iniqua
1627 2355 1730 2385 sors-

258 2417 384 2460 fuissc
425 2416 593 2456 videtur.
652 2415 767 2464 Quod
808 2420 848 2455 et
884 2415 1148 2458 Theramenis
1178 2416 1345 2469 historia
1374 2418 1415 2457 in
1443 2417 1585 2471 vulgus
1624 2422 1722 2458 nota

262 2493 303 2529 et
322 2493 548 2531 ceterorum
579 2493 757 2543 apparet,
784 2499 948 2542 quorum
976 2488 1190 2530 nonnullos
1222 2495 1313 2543 post
1347 2502 1492 2531 annu-
1523 2487 1620 2531 411.
1648 2502 1719 2543 pu-

258 2560 374 2602 hlicis
419 2561 648 2603 muneribus
695 2560 851 2602 functos
895 2570 986 2598 esse
1027 2565 1213 2621 constat:
1258 2565 1301 2600 ut
1341 2572 1463 2601 unum
1502 2572 1728 2603 memorem,

257 2633 552 2678 Aristocratem
570 2663 582 2683 ‚
627 2632 693 2686 qui
722 2636 883 2687 prae-tor
913 2630 985 2672 fuit
1021 2630 1247 2686 olympiade
1265 2632 1546 2687 nonagesima
1576 2631 1724 2672 tertia:

258 2700 340 2747 vid.
371 2706 555 2765 Xenoph.
587 2706 685 2747 Heu.
718 2706 786 2746 lib.
820 2705 848 2746 1.
883 2717 969 2756 cap.
998 2702 1037 2744 4.
1069 2710 1109 2753 §-
1144 2706 1223 2756 213
1257 2717 1346 2758 cap.
1378 2707 1418 2762 5.-
1448 2710 1495 2754 5.
1523 2703 1595 2753 16.;
1628 2715 1728 2757 cap..

259 2779 304 2824 6.
338 2788 376 2833 §.
406 2781 472 2823 29.
530 2775 630 2822 Prae
660 2780 808 2824 ceteris
837 2779 916 2820 hoc
946 2776 1176 2831 planissime
1213 2777 1502 2821 demonstravit
1531 2776 1730 2818 watten-

262 2849 434 2895 bach-ius
460 2866 551 2909 pag.
578 2852 658 2896 ⁷65:
697 2851 1029 2906 „Quadringentis
1068 2853 1176 2901 enim
1215 2855 1301 2908 ipsa
1345 2852 1560 2895 dominatio
1592 2851 1728 2894 l'saudi
