1871 3204
777 84 1102 129 ...ῃ-.-

207 202 475 261 ,οειφῖωεειω
498 219 598 252 ,θεεσ
628 213 806 265 apparet.
864 209 1031 257 Primum
1063 209 1168 251 enim
1205 219 1258 249 ex
1288 204 1487 249 Athenaei
1514 210 1671 250 ratione

212 282 310 334 ipso
342 281 589 329 induciarum
627 288 806 337 tempore
839 296 871 335 a
889 283 1053 328 Platone
1090 268 1338 337 Protagorae
1376 294 1468 324 cum
1503 280 1672 323 Socrate

215 352 456 410 colloquium
496 354 642 412 factum
675 355 776 412 fingi
821 345 982 402 disertis
1007 356 1164 404 xverbis
1206 356 1298 409 ipse
1334 355 1486 396 indicat
1528 353 1669 394 hisce:

206 422 256 470 ‘O
282 429 330 470 δὲ
368 425 439 471 τόν
476 430 669 483 διάλογον
705 428 939 485 ὑφίσταται
980 426 1194 483 γινόμενον
1236 426 1335 482 περὶ
1368 425 1468 478 τούς
1496 424 1675 481 καιρούς

213 497 399 553 τούτους,
427 502 523 542 καθ’
550 495 624 549 σθξ
651 498 697 542 αἱ
722 501 903 541 σπονδαί
929 492 1185 554 προσφάτως
1213 499 1466 553 ἐγεγόνεσαν.
1515 499 1674 541 Deinde

214 583 298 614 non
325 572 420 623 dno,
446 572 520 614 sed
549 583 667 615 unum
696 571 968 612 tantummodo
997 570 1347 612 anachronismum
1379 583 1493 625 quem
1522 573 1674 613 vocant

213 643 369 688 Ptatoni-
380 645 544 698 imputat
560 645 601 685 in
614 643 863 690 Pherecratis
877 643 1105 697 Agrestium
1124 646 1303 696 tempore
1320 643 1533 686 indicando
1551 656 1671 684 com-

212 716 397 760 missum.
424 718 567 770 quippe
581 727 691 772 quae
718 715 850 760 sabula
878 727 960 757 non
977 726 1058 765 uno
1077 726 1182 756 anno
1206 719 1299 760 ante
1327 714 1509 757 inducias
1528 716 1674 766 factas,

211 787 292 838 sed
302 792 443 841 quarto
468 792 560 841 post
588 787 708 829 docta
738 788 801 829 sit.
859 786 940 829 ntis
970 788 1075 828 enim
1085 787 1264 830 Platonis
1293 789 1443 840 verbis,
1479 801 1582 841 quae
1616 788 1669 829 acl

210 858 455 913 Protagorae
484 860 653 901 redItum
688 861 918 914 pertinent,
960 844 1192 902 Athenaeus
1234 860 1285 901 ad
1316 859 1491 919 dialogi
1513 864 1668 913 tempus

213 929 479 982 definiendum
507 933 639 974 utitur.
695 932 783 975 Mea
813 932 985 988 denique
1017 932 1243 987 explicandi
1280 933 1439 973 ratione
1465 932 1668 976 Athenaei

212 1005 337 1047 verba
367 1018 498 1059 neque
528 1007 569 1048 in
603 1007 717 1048 aliam
748 1009 983 1051 sententiam
1015 1011 1134 1060 atque
1171 1017 1275 1060 quae
1308 1005 1414 1047 inest
1444 1004 1664 1058 detorque-

210 1087 258 1118 re
281 1077 491 1133 cogimur,
528 1078 569 1119 id
597 1079 702 1132 quod
731 1078 1124 1120 Schleiermacherus
1166 1078 1264 1117 fecit
1303 1076 1353 1117 οὗ
1383 1076 1462 1128 πρὸ
1490 1079 1565 1118 τοῦ
1593 1076 1670 1127 τὰς

212 1148 430 1198 ἐνιαυσίας
469 1152 800 1204 συντελεσθῆναι
843 1148 1026 1198 σπονδάς
1062 1148 1269 1201 explicans
1317 1160 1392 1200 „zu
1423 1146 1561 1195 keiner
1593 1160 1670 1190 an-

209 1218 310 1259 dem
334 1220 423 1260 Zeit
458 1221 521 1262 als
548 1221 746 1261 wdhrend
784 1221 855 1261 des
884 1220 1187 1261 stillatandesss:
1236 1232 1366 1273 neque
1404 1225 1587 1271 mutare,
1630 1225 1672 1261 ut

206 1290 429 1345 Herbstius,
456 1292 537 1347 qui,
564 1296 606 1335 ut
625 1304 677 1333 ex
692 1292 892 1333 Athenaei
914 1291 1050 1333 verbis
1078 1284 1193 1332 suam'
1220 1291 1386 1332 eliceret
1413 1293 1669 1344 sententiam,

206 1368 300 1404 ante
328 1367 426 1416 περὶ
457 1363 555 1422 τούς
588 1364 762 1417 καιρούς
803 1365 976 1411 τούτους
1003 1366 1170 1411 inseruit
1199 1380 1219 1404 o
1240 1365 1263 1405 ὕ
1294 1370 1334 1406 et
1362 1370 1453 1419 post
1483 1362 1669 1419 ἐγεγόνε-

205 1451 285 1478 σαν
314 1433 452 1478 dua
484 1434 611 1477 πολὺ
640 1430 849 1492 ὕστερα
865 1452 902 1477 ν.
937 1436 1118 1478 Ceterum
1136 1437 1176 1477 in
1196 1437 1300 1478 hunc
1317 1448 1496 1478 errorem
1520 1437 1673 1477 inducti

205 1518 298 1548 esse
327 1508 511 1549 videntur
532 1508 688 1562 vulgari
719 1510 931 1551 verborum
964 1510 1220 1551 distinctione
1260 1512 1357 1550 καθ’
1388 1507 1460 1557 οὓς
1488 1507 1672 1563 ἐγεγόνε-

202 1595 295 1622 σαν·
351 1580 460 1633 λέγει
491 1581 592 1633 γοῦν
618 1603 673 1613 ——
689 1613 702 1634 ‚
735 1581 849 1635 quasi
876 1581 1035 1642 scilicet>
1057 1585 1293 1635 sequeietur
1319 1581 1532 1622 verborum
1551 1593 1668 1634 -quae

201 1651 449 1704 praecedunt
490 1652 704 1705 explicatio
732 1653 942 1706 quaedam.
999 1654 1089 1694 Post
1118 1652 1363 1707 ἐγεγόνεσαν
1393 1654 1509 1707 plene
1539 1655 1669 1695 inter-

199 1722 453 1777 pungendum
482 1727 559 1765 est.

311 1795 543 1836 Athenaeus
573 1797 694 1850 igitur
711 1798 972 1851 Protagoram
999 1797 1081 1839 hoc
1110 1810 1198 1839 cum
1221 1799 1391 1841 Socrate
1424 1797 1664 1851 colloquium
1695 1836 1698 1839 ,

204 1878 257 1908 ex
272 1867 447 1908 Platonis
473 1867 670 1907 sententia
699 1878 812 1908 anno>
826 1868 988 1909 circiter
1015 1866 1112 1909 423.
1142 1869 1363 1911 instituisse
1391 1873 1513 1922 putat,
1545 1868 1665 1923 idque

204 1937 389 1992 probavit
416 1937 588 1992 Bergkio
617 1936 717 1990 (vid,
748 1936 814 1979 lib.
839 1937 864 1978 l.
893 1930 1140 1992 pag.'103.).
1198 1939 1279 1980 Sed
1309 1937 1542 1992 argur'nenta
1575 1942 1663 1982 eius

165 2015 183 2036 ⁶
203 2022 455 2064 nequaquam
494 2009 597 2050 adeo
638 2013 729 2050 sunt
765 2009 875 2050 firma
896 2038 909 2061 ,
950 2013 993 2050 ut
1021 2021 1104 2062 non
1133 2008 1242 2050 facili
1271 2021 1394 2063 opera
1428 2010 1664 2054 labefactari

201 2088 376 2138 queant,
419 2082 563 2123 nedum
605 2081 681 2123 illis
721 2086 858 2123 nostra
896 2083 1096 2123 sententia
1134 2087 1347 2123 evertatur.
1408 2083 1524 2132 Quod
1554 2085 1661 2130 enlm

201 2155 252 2196 ad
295 2155 521 2207 Hipponici,
544 2158 726 2193 mortemv
753 2154 894 2194 attinet
929 2154 1030 2204 (vid.
1069 2154 1161 2195 Plat.
1196 2155 1300 2197 Prot.
1342 2167 1433 2209 pag.
1469 2157 1564 2199 311.
1594 2159 1660 2201 A:

201 2223 420 2269 Κειταλύει
449 2227 515 2277 δ’,
564 2224 619 2273 ὥς
650 2223 730 2279 ἐγώ
769 2219 953 2282 ἤκουσα,
994 2223 1108 2282 παρὰ
1139 2226 1309 2286 Καλλίᾳ
1335 2230 1390 2287 τῷ
1411 2227 1663 2273 Ἱππονίκου.

198 2303 241 2340 et
265 2311 358 2353 pag.
385 2298 481 2339 315.
508 2298 567 2338 D:
602 2292 680 2338 Ἦν
709 2298 756 2338 δὲ
791 2297 1054 2354 (Πρόδικος)
1082 2299 1126 2340 ἐν
1154 2297 1352 2355 οἰκήματί
1379 2318 1461 2343 τινι
1478 2332 1489 2353 ,
1516 2296 1551 2360 ᾧ
1580 2301 1659 2357 πρό

198 2373 279 2414 τοῦ
302 2373 383 2426 μὲν
412 2369 470 2421 ὥς
496 2371 669 2426 ταμιείῳ
698 2369 854 2424 ἐχρῆτο
875 2368 1121 2425 Ἱππόνικος,
1152 2371 1228 2413 νῦν
1262 2373 1307 2414 δὲ
1336 2371 1417 2414 ὑπὸ
1450 2376 1526 2415 τοῦ
1556 2370 1660 2428 πλή-

197 2444 304 2491 θους
331 2445 416 2485 τῶν
440 2437 775 2485 καταλυόντωνὸ
796 2443 990 2492 Καλλίας
1019 2444 1092 2485 καί
1116 2446 1243 2485 τοῦτο
1273 2444 1502 2494 ἐκκενώσας
1520 2446 1660 2496 ξένοις

197 2512 428 2573 κςτάλυσιν
469 2514 725 2571 πεποίηκεν.)
757 2525 809 2554 ex
848 2512 1025 2557 Herbstii
1056 2518 1270 2558 sententia
1303 2526 1415 2572 (pag.
1448 2518 1537 2565 93.)
1579 2517 1659 2559 hoc

197 2595 222 2628 a
250 2586 412 2627 Platone
439 2586 573 2628 fictum
602 2591 685 2637 est,
714 2597 789 2638 qua
817 2585 858 2625 in
887 2598 933 2626 re
962 2592 1004 2627 ut
1036 2588 1077 2628 in
1111 2590 1276 2642 speculo
1305 2596 1539 2632 cerneretur
1567 2590 1657 2646 Cat-

194 2658 274 2700 liae
299 2670 411 2710 moS‚
448 2659 515 2712 qui
545 2650 586 2702 in
613 2655 858 2714 philosophis
886 2657 1135 2712 excipiendis
1166 2663 1382 2704 immensas
1412 2661 1657 2716 profudisset

196 2733 368 2775 divitias.
424 2733 557 2786 Atque
582 2743 630 2773 re
660 2742 756 2771 vera
786 2728 853 2770 tali
885 2729 1055 2772 consilio
1098 2745 1179 2773 non
1212 2746 1339 2787 pauca
1368 2734 1531 2774 finxisse
1560 2731 1656 2774 Pta-

193 2811 333 2858 tonem
361 2810 498 2850 notum
529 2809 606 2859 est,
634 2809 674 2847 ut
702 2803 802 2846 haec
830 2796 1031 2857 sententia
1056 2806 1218 2848 minime
1248 2811 1355 2849 esset
1381 2806 1547 2858 absona,
1578 2806 1660 2848 nisi
