1871 3204
733 175 1087 220 —113-

189 301 331 358 quibus
362 304 402 344 in
430 296 583 344 illorum
612 298 956 355 locumrepositis
982 302 1054 356 pio·
1077 300 1207 355 populi
1246 300 1383 342 sensui
1414 297 1631 340 satisface-

186 379 304 424 rent,
331 376 461 415 inanis
491 375 608 416 studii
634 362 784 429 poenas
816 373 1020 415 dederunt.
1076 370 1207 427 Atque
1235 373 1443 426 profecto,
1471 372 1506 413 si
1539 372 1628 423 quis

184 447 301 488 talem
330 438 882 505 dubitatie'aefflrotagorae
911 447 951 486 in
981 446 1147 486 crimine
1172 456 1324 497 ponere
1356 445 1479 495 velit,
1520 444 1627 484 idem

186 520 234 560 in*
257 510 443 572 plurimos
467 505 966 569 *cadatv'inius'temporis
1006 510 1293 569 philosophos:
1339 521 1381 557 ut
1418 517 1496 557 hoc
1534 520 1629 556 tan-

186 591 387 632 tummodo
433 584 789 641 interutrosque
818 589 1002 640 intersit,
1048 588 1157 640 ¹quod
1202 588 1463 638 sententiam,
1507 598 1641 641 quam*

189 649 313 704 ceteri
341 663 404 703 vel
432 663 602 704 reticere
630 670 794 714 prorsus
827 660 1028 701 velcerte
1054 672 1133 701 non
1167 660 1293 713 planis
1328 661 1463 701 verbis
1492 661 1626 715 expli—

188 746 283 774 care
311 721 434 779 satius
462 732 657 782 duxerint,
682 733 766 784 ipse
787 731 837 771 in-
856 731 1026 772 omnium
1054 732 1214 772 auribus
1241 733 1412 786 ingenue
1441 732 1625 786 proloqui

173 807 238 847 ⁴sit
264 818 395 847 ausus.
438 806 620 847 Attamen
652 804 772 858 vulgo
806 803 856 844 de
886 802 1102 858 Protagora
1130 804 1206 846 hoe
1236 805 1360 858 ipsum
1401 805 1454 846 ob
1496 804 1625 858 placi—

188 882 268 917 tum
306 879 476 929 iniquius
521 876 705 917 iudicant.
769 875 818 917 Ut
847 887 987 917 omnes
1024 876 1074 916 de
1106 888 1183 927 eo,
1230 877 1334 929 quod
1372 877 1447 929 ipsi
1489 889 1626 918 verum

189 951 281 989 esse
310 949 543 999 videbatur,
585 949 798 1002 edoceret,
822 941 1062 1002 ''quanquam
1098 961 1143 989 se
1173 948 1426 1002 plurimorum
1456 949 1626 989 invidias

187 1025 304 1073 atque
335 1020 426 1060 odia
457 1021 532 1060 sibi
562 1025 854 1061 contracturum
886 1021 1049 1060 aliorum
1079 1021 1271 1072 exemplis
1300 1021 1469 1059 edoctus
1500 1016 1626 1072 probe

186 1091 360 1145 sciebat,
395 1092 643 1145 periculosae
673 1092 826 1145 plenum
856 1078 955 1145 opus
985 1091 1098 1132 aleae
1124 1096 1298 1132 tractare
1328 1103 1409 1131 non
1438 1092 1628 1132 reformi-

188 1164 333 1214 dabat,
371 1162 444 1204 sed
481 1164 713 1205 sententiam
756 1175 865 1204 suam
899 1154 1000 1203 libro
1043 1164 1262 1214 expositam
1300 1164 1629 1216 septuagenarius

186 1218 334 1288 publici
375 1236 469 1276 iuris
508 1235 614 1276 fecit.
674 1236 748 1275 Vix
787 1246 885 1275 vero
924 1239 1059 1274 certae
1099 1246 1145 1273 se
1175 1234 1393 1275 obiecisset
1420 1236 1628 1288 perniciei,

185 1308 277 1349 nisij
293 1296 343 1349 de
360 1319 456 1361 suae
485 1308 705 1348 sententiae
730 1308 898 1347 veritate
913 1310 1032 1358 atque
1050 1307 1183 1359 operis
1213 1292 1385 1361 suscepti
1416 1313 1628 1361 praestan-

185 1382 238 1420 tia
267 1381 342 1433 ipsi
371 1390 602 1433 persuasum
647 1379 798 1420 fuisset.
857 1383 985 1431 Atque
1025 1378 1119 1419 mihi
1150 1368 1306 1431 quidem
1346 1381 1436 1420 talia
1479 1382 1626 1421 verba:

184 1452 270 1504 „An
300 1452 379 1492 sint
398 1451 565 1498 ·dei.an>
587 1448 668 1491 non
699 1450 790 1502 sint,
821 1461 901 1504 ego
932 1451 1097 1490 nescio:
1129 1451 1243 1491 multa
1274 1451 1509 1502 enim‘sunt,
1538 1454 1626 1505 qui-

184 1523 259 1564 bus
285 1524 492 1576 quominus
519 1524 693 1563 sciamus
718 1522 1028 1575 prohibeamur,
1059 1526 1175 1579 atque
1206 1524 1325 1564 mullo
1357 1524 1517 1564 brevior
1548 1527 1629 1565 vita

183 1596 380 1647 humana,
416 1606 532 1648 quam
563 1598 605 1635 ut
635 1593 806 1635 sufficiat
834 1593 884 1634 ad
913 1606 997 1636 rem
1025 1598 1102 1635 tam
1132 1593 1341 1636 obscuram
1371 1607 1630 1652 cognoscen-

185 1668 275 1709 dam
290 1674 323 1708 :“
349 1691 402 1699 --
430 1667 532 1707 haec
554 1668 675 1720 igitur
701 1667 822 1706 verba
842 1666 946 1707 mibi
974 1667 1061 1707 eius
1092 1679 1184 1713 esse
1212 1669 1410 1719 videntur,
1439 1670 1504 1722 qui
1528 1670 1629 1710 deos

184 1728 322 1795 quales
351 1739 469 1794 vulgo
509 1739 666 1792 quidem
710 1739 759 1779 ab
791 1739 1029 1792 aequalibus
1060 1739 1274 1783 credantur
1300 1741 1414 1782 fictos
1443 1754 1536 1783 esse
1563 1743 1630 1783 in-

182 1809 399 1862 tellexerit,
438 1811 510 1851 sed
558 1810 632 1850 illis
673 1809 835 1850 sublatis
863 1811 980 1862 ¹quod
1022 1811 1106 1863 ipse
1150 1812 1409 1864 amplectatur
1446 1819 1626 1865 quaerat,

182 1883 351 1930 necdum
387 1893 484 1923 vero
516 1882 724 1922 invenerit.
780 1881 878 1922 Nam
908 1892 960 1921 ne
999 1881 1176 1935 sophista
1215 1883 1372 1936 quidem
1410 1895 1461 1925 eo
1502 1896 1626 1927 sensu

182 1957 320 2005 caruit,
348 1966 438 1994 esse
465 1966 608 1994 numen
636 1953 833 2006 quoddam
863 1965 940 2005 quo
975 1941 1041 1993 res
1073 1954 1268 1994 humanae
1296 1961 1498 2008 rega-ntur.
1539 1958 1624 1997 Va-

181 2035 257 2069 nos
295 2026 451 2081 quidem
491 2037 582 2066 esse
625 2025 723 2065 deos
767 2024 904 2077 quales
949 2024 1013 2065 illa
1054 2029 1184 2065 aetate
1225 2026 1343 2080 vulgo
1390 2027 1624 2070 colebantur

184 2101 309 2153 probe
340 2100 567 2153 perspexit:
609 2097 681 2149 sed
717 2097 831 2149 quale
858 2101 967 2137 esset
994 2109 1136 2138 numen
1165 2098 1255 2138 illud
1285 2100 1417 2140 animo
1447 2101 1523 2141 sibi
1558 2103 1624 2142 es-

179 2174 331 2228 lingere
360 2171 532 2212 nondum
560 2170 695 2224 potuit.

289 2246 426 2285 Ethica
468 2243 637 2296 denique
663 2244 904 2297 Protagorae
946 2242 1088 2295 placita
1129 2242 1232 2283 nulla
1274 2256 1372 2285 sane
1413 2258 1464 2286 ex
1506 2252 1621 2300 parte

178 2318 394 2372 sophistam
424 2317 592 2370 sapiunt,
620 2315 684 2368 qui
705 2326 750 2355 se
768 2315 853 2367 ipse
870 2318 1014 2356 statuat
1033 2316 1205 2356 omnium
1220 2328 1353 2358 rerum
1369 2330 1619 2361 mensuram:

179 2391 297 2433 immo
317 2391 447 2444 legum
468 2380 696 2443 morumque
718 2388 965 2439 antiquorum
996 2389 1249 2429 observantia
1282 2395 1362 2431 tota
1392 2397 1484 2432 sunt
1514 2395 1619 2434 nixa.

175 2462 302 2516 Magis
334 2462 490 2515 quidem
523 2461 600 2502 sibi
627 2460 884 2511 constitisset,
915 2460 962 2511 si,
991 2465 1031 2501 ut
1059 2460 1124 2501 alii
1153 2462 1385 2515 sophistae,
1412 2476 1618 2518 quaecun-

177 2547 254 2587 que
294 2535 383 2588 lege
424 2539 464 2575 et
490 2547 565 2575 usu
595 2535 803 2575 constituta
831 2537 968 2572 essent
1004 2533 1115 2573 nihili
1159 2534 1313 2576 faciens
1356 2537 1406 2577 ad
1437 2538 1619 2592 singulo-
1651 2542 1653 2546 '

173 2619 258 2649 rum
288 2607 487 2655 heminam
516 2607 738 2647 voluntates
781 2616 828 2645 ac
868 2603 1053 2645 libidines
1095 2607 1229 2647 omnia
1270 2609 1478 2651 retulisset.
1534 2610 1614 2652 Sed

174 2679 304 2728 αἰδώς
334 2679 412 2732 illa,
438 2679 544 2721 unde
570 2692 623 2720 ex
648 2680 887 2733 Protagorae
917 2678 1113 2719 sententia
1147 2680 1271 2722 virtus
1305 2678 1430 2724 oritur
1447 2713 1459 2735 ,
1486 2684 1612 2736 ipsum

170 2753 396 2806 prohibuit,
441 2764 493 2794 ne
528 2752 714 2807 placitum
754 2752 804 2793 de
841 2740 1000 2791 homine
1042 2763 1175 2794 rerum
1205 2766 1386 2796 mensura
1426 2756 1466 2795 in
1503 2755 1609 2796 hunc

171 2837 329 2879 quoque
356 2826 584 2880 disciplinae
614 2826 866 2878 suaellocum
894 2824 1070 2866 inseri-et.
1114 2826 1200 2868 Hoc
1221 2828 1338 2881 igitur
1352 2840 1445 2879 prae
1464 2832 1610 2870 ceteris

170 2903 344 2952 apparet,
374 2900 643 2955 Protagoram,
672 2900 848 2953 quamvis
878 2903 1063 2940 accurata
1095 2901 1433 2954 argumentatione
1463 2903 1608 2955 placita
1636 2915 1638 2917 ’

1314 2981 1344 3027 8
