1871 3204
830 8 833 15 i
908 0 945 16 ἓὶζ

825 21 841 37 Ι,
878 16 890 34 ⁴
903 20 929 38 p..
941 16 947 24 .>

786 107 879 173 —.·.
919 142 984 187 32
1014 172 1018 175 ,
1052 159 1114 171 „-

332 266 445 315 Quae
476 266 510 307 si
542 265 702 317 quidem
742 270 854 306 recte
891 266 1088 319 disputata
1123 270 1240 317 sunt,
1284 267 1539 309 Democritus
1570 267 1686 308 natus

223 343 289 380 est
316 350 421 379 anno
451 335 546 379 460.
604 331 853 392 Anaxagora
895 341 1000 380 enim
1029 340 1295 392 quadraginta
1327 341 1443 380 annis
1470 341 1687 381 Democri—

219 415 301 451 tum
336 410 458 450 fuisse
491 410 688 450 minorem
732 410 835 462 apud
876 411 1098 462 Diogenem
1139 411 1225 463 plus
1265 411 1391 451 semel
1433 411 1602 464 legitur:
1643 416 1687 452 ut

216 483 285 523 lib.
316 481 383 521 lx.
414 485 454 529 §-
486 480 566 525 34:
598 477 798 534 ‘'Yotepov
836 482 882 521 δὲ
912 481 1145 539 Λευκίππῳ
1188 485 1402 536 παρέβαλε
1445 481 1518 523 καὶ
1550 482 1684 524 Ἀνα-

212 549 369 610 ξαγόρᾳ
405 550 513 595 κατά
539 568 659 603 τινας
682 586 693 607 ,
724 552 859 596 ἔτεσιν
888 550 946 595 ὢν
966 554 1099 595 αότοῦ
1127 553 1325 607 νεώτερος
1357 552 1682 608 τετταράκοντα.

210 631 251 666 et
280 631 318 676 ξ.
348 625 429 666 41:
476 626 629 679 Γέγονε
674 627 721 667 δὲ
766 631 853 674 τοῖς
895 626 1092 681 χρόνοις,
1139 624 1195 675 ὥς
1233 624 1361 674 αὐτός
1390 642 1522 681 φησιν
1550 627 1595 667 ἐν
1625 627 1684 683 τῷ

208 699 370 754 Μικρῷ
395 696 628 755 Διακόσμῳ
646 730 658 750 ,
690 700 781 746 νέος
809 699 914 740 κατὰ
943 697 1181 752 πρεσβύτην
1208 698 1515 751 Ἀναξαγόραν,
1545 696 1681 739 ἔτεσιν

209 768 346 809 αὕτοῦ
375 768 576 823 νεώτερος
620 768 942 823 τετταράκοντα.
1001 770 1113 819 Quae
1143 771 1276 811 omnia
1320 770 1601 812 confirmantur
1629 769 1680 810 ab

208 841 484 894 Apollodoro,
530 842 753 881 sententiae
792 847 958 883 nostrae
995 843 1046 883 de
1076 843 1348 896 Anaxagorae
1375 842 1597 883 Democriti

208 911 457 965 temporibus
489 917 593 953 teste
634 914 876 967 gravissimo
894 945 905 964 ‚
949 915 1053 966 apud
1080 915 1306 968 Diogenem
1332 914 1400 955 lib.
1427 852 1679 973 Db&

208 986 250 1027 Γ
248 984 383 1039 εγόνοι
414 985 454 1025 δ’
480 980 546 1036 ἅν,
576 984 634 1033 ὥς
662 987 739 1036 μὲν
768 985 1092 1039 Ἀπολλόδωρος
1123 983 1167 1027 ἐν
1196 987 1281 1035 τοῖς
1310 972 1677 1040 χρονικοῖςζῂᾶα-τά

211 1055 290 1111 τὴν
327 1052 611 1111 ὄγδοηκοστὴν
655 1055 922 1109 ὀλυμπιάδα,
960 1059 1073 1098 cuius
1114 1057 1210 1099 460.
1254 1059 1402 1111 primus
1444 1064 1506 1100 est
1534 1070 1674 1099 annus.

208 1129 250 1169 Γ
245 1126 381 1181 εγόνοι
409 1129 517 1169 enim
555 1129 897 1181 interpretandum
937 1141 1030 1170 esse
1069 1134 1191 1170 natus
1220 1130 1299 1179 sit,
1339 1142 1450 1182 non,
1494 1130 1676 1183 quod-in

209 1200 414 1241 Huebneri
446 1200 626 1241 editione
659 1200 876 1241 exhibitum
920 1206 1007 1251 est,
1044 1201 1199 1253 fuerit,
1238 1202 1390 1242 indicio
1421 1207 1511 1242 sunt
1549 1203 1674 1242 verba

208 1283 311 1324 quae
339 1273 523 1325 proxime
558 1277 801 1326 sequuntur:
840 1272 911 1321 Ὡς
940 1274 987 1314 δὲ
1018 1273 1240 1326 Θρασύλος
1273 1298 1323 1305 -
1344 1306 1356 1325 ,
1385 1270 1488 1314 κατὰ
1518 1272 1562 1314 τὸ
1588 1275 1676 1327 τρί-

205 1358 276 1384 τον
302 1341 394 1393 ἔτος
423 1346 499 1397 τῆς
529 1339 711 1398 ἑβδόμης
745 1346 818 1385 καί
840 1340 1148 1398 ἑβδομηκοστῆς
1178 1342 1451 1398 ὀλυμπιάδος,
1482 1343 1675 1400 ἐνιαυτῷ,

207 1414 327 1471 φησί,
360 1414 646 1469 πρεσβύτερος
677 1412 737 1457 ὢν
769 1414 1037 1469 Σωκράτους.

316 1498 434 1552 Apud
463 1498 558 1540 Plut.
591 1500 682 1540 adv.
717 1498 847 1541 Colot.
878 1504 972 1541 tom.
1001 1500 1046 1541 ll.
1074 1512 1165 1555 pag.
1202 1500 1321 1543 1109.
1353 1502 1403 1550 A,
1438 1500 1546 1542 Sext.
1576 1498 1674 1541 Em-

204 1572 278 1624 pir.
310 1571 402 1612 adv.
437 1572 557 1612 Math.
588 1572 656 1612 lib.
688 1572 770 1612 VII.
805 1574 842 1629 ξ.
874 1572 981 1623 389,
1020 1574 1139 1626 Diog.
1173 1573 1305 1614 Laert.
1338 1573 1406 1616 lib.
1437 1573 1504 1613 IX.
1537 1578 1576 1622 §.
1602 1573 1672 1613 42.

203 1643 477 1699 ProtagoraS‚
521 1656 641 1698 quem
685 1645 796 1690 cirea
840 1656 985 1686 annum
1015 1644 1110 1686 480.
1151 1645 1280 1685 lucem
1321 1646 1528 1697 aspexisse
1569 1645 1672 1685 infra

205 1717 571 1757 demonstrabimus
589 1747 601 1768 ,
628 1717 670 1756 in
696 1717 918 1756 Democriti
946 1717 1104 1768 scriptis
1138 1703 1389 1770 impugnatus
1423 1728 1515 1758 esse
1542 1716 1671 1757 tradi-

202 1791 278 1829 tur.
340 1788 713 1857 Quodxquanquam
745 1800 832 1829 cum
865 1790 1038 1829 omnium
1068 1789 1156 1829 fere
1184 1790 1545 1842 computationibus
1566 1801 1670 1830 con-

203 1861 333 1900 ciliari
364 1872 485 1913 posse
512 1861 619 1900 haud
648 1861 794 1901 infitias
822 1861 947 1908 imus,
987 1864 1124 1900 nostra
1158 1866 1289 1901 tamen
1321 1862 1362 1901 in
1393 1874 1509 1914 quam
1540 1863 1669 1915 aptius

200 1933 371 1988 quadret
401 1933 468 1975 vix
512 1933 739 1987 excogitari
774 1938 908 1987 queat.
982 1935 1101 1975 Anno
1134 1934 1229 1976 460.
1259 1939 1404 1977 matum
1444 1935 1541 1976 dicit
1581 1936 1667 1976 De-

197 2008 408 2047 mocritum
438 2009 558 2047 etiam
589 2008 825 2048 Mullachius
855 2018 947 2061 pag.
974 2006 1039 2047 19.
1096 2007 1361 2048 Nihilominus
1390 2019 1483 2062 ego,
1513 2009 1547 2049 si
1579 2009 1667 2061 quis

199 2092 329 2120 meam
379 2080 672 2133 expositionem
721 2091 810 2120 cum
851 2079 1050 2120 Mullachii
1095 2080 1374 2134 contenderit,
1418 2092 1667 2133 nequaquam

196 2165 282 2192 rem
312 2157 444 2193 actam
473 2154 613 2207 egisse
641 2152 824 2193 videbor.
1646 2139 1648 2142 ’

200 2330 319 2352 omnes
339 2318 586 2362 probaverunt.
637 2317 711 2351 vid.
737 2318 763 2351 1.
793 2318 827 2352 Τ.
854 2318 1059 2351 Hemscnius
1083 2319 1278 2363 Anaxagor.
1308 2317 1504 2351 Clazomen.
1533 2327 1614 2361 pag.
1632 2317 1666 2359 4,

198 2366 457 2401 Sehaubachius
483 2366 639 2410 Anaxag.
664 2365 787 2410 fragm.
814 2376 894 2410 pag.
921 2368 952 2400 2.
981 2372 1016 2399 et
1040 2377 1073 2411 q.
1101 2377 1198 2410 seqq.
1225 2372 1260 2399 et
1284 2365 1340 2401 45.
1369 2376 1487 2410 seqq.,
1514 2365 1665 2398 Ritterus

198 2414 318 2448 histor.
343 2414 467 2458 philos.
494 2413 567 2447 lon.
593 2424 672 2457 pag.
696 2414 785 2453 203,
816 2414 930 2448 Clinto
956 2413 1047 2448 Fast.
1076 2413 1166 2448 Hell.
1193 2424 1212 2447 a
1238 2415 1319 2450 500.
1343 2414 1425 2448 480.
1452 2412 1545 2454 428,
1571 2412 1664 2446 Ten-

197 2473 388 2494 nemannus
416 2461 496 2495 hist.
531 2460 657 2504 philos.
689 2461 742 2493 ed.
771 2461 897 2494 Wendt
936 2467 1015 2494 tom.
1043 2461 1068 2494 1.
1105 2471 1185 2504 pag
1211 2461 1292 2495 369.
1332 2466 1366 2493 et
1403 2460 1583 2494 Wendtius
1618 2460 1661 2493 ad

194 2509 288 2542 hunc
301 2509 533 2542 'leunemanni
561 2504 916 2550 locum,i{uebne1u÷‚
935 2508 977 2541 ad
995 2509 1161 2553 Diogenis
1189 2508 1232 2541 de
1258 2507 1381 2552 quibus
1407 2509 1519 2552 agitur
1542 2507 1660 2550 verba,

188 2563 231 2591 et
266 2557 324 2600 qui
362 2566 448 2600 opus
480 2556 658 2589 Huebneri
694 2562 803 2589 morte
828 2551 1062 2600 interruptum
1097 2556 1248 2589 absolvit
1272 2556 1477 2589 lacobitzius
1512 2555 1658 2599 append.

193 2605 282 2645 crit,
310 2604 505 2636 Brandisius
531 2603 651 2636 histor.
678 2602 803 2647 philos.
835 2609 914 2637 tom.
934 2604 959 2637 1.
989 2613 1068 2648 pag.
1094 2602 1184 2637 234.
1226 2602 1385 2636 Ceterum
1416 2603 1462 2636 ita
1488 2602 1659 2636 definien-

193 2651 271 2685 dam
297 2661 377 2684 esse
392 2650 620 2694 Anaxagorae
644 2655 791 2685 aetatem
816 2651 982 2684 indicavit
1005 2653 1071 2684 iam
1097 2650 1263 2692 Scaliger,
1288 2652 1316 2685 si
1341 2651 1478 2694 quidem
1507 2652 1581 2683 eius
1607 2655 1660 2683 est

193 2698 428 2741 olympiadum
458 2697 643 2739 descriptio
676 2700 712 2730 in
741 2698 883 2731 Eusebii
919 2698 1070 2730 editione
1104 2697 1265 2729 exhibita.
1317 2697 1529 2741 Olympiadis
1567 2696 1658 2729 enim

192 2745 473 2790 septuagesimae
499 2753 588 2776 anno
616 2745 725 2789 primo
749 2751 887 2788 natum,
927 2745 1161 2791 octogesimae
1187 2750 1331 2779 octavae
1355 2746 1464 2790 primo
1491 2749 1661 2778 mortuum

192 2794 312 2829 statuit
334 2794 590 2850 Anaxagoram.
