1871 3204
877 92 1208 138 ...72-

309 212 389 253 alia
428 213 750 267 suppeditaretur
781 212 898 264 huius
940 212 1181 258 difficultatis
1222 214 1426 267 expeditio
1451 215 1770 260 mium-swillet.
1841 200 1843 203 ’

308 283 505 339 Equidem
528 286 640 325 enim
670 295 751 339 ego
782 295 835 325 ne
866 283 1049 330 invenire
1080 285 1238 339 quidem
1255 287 1638 341 possum-ttipponici
1658 299 1771 330 mor-

313 363 394 399 tem
424 359 463 398 in
498 356 563 397 his
604 358 742 399 verbis
782 358 932 399 diserte
972 358 1201 401 indicatam.
1260 358 1383 406 Quasi
1419 359 1460 398 in
1499 370 1573 400 sua
1613 359 1772 412 quidem

310 429 453 469 Callias
486 432 670 470 versatur
713 428 755 468 in
788 427 999 480 Hipponici
1031 427 1182 479 dom-o,
1226 427 1302 468 sed
1338 428 1485 481 quidniv
1517 427 1598 469 hoc
1629 428 1771 470 fecerit

305 504 417 553 patre
444 501 565 541 etiam
594 501 687 541 vivo
699 501 721 541 ⁴?
775 499 907 553 Atque
936 501 1004 540 vix
1033 500 1193 540 dubium
1223 504 1297 550 est,
1323 500 1416 553 quin
1448 500 1500 540 ob
1530 500 1769 545 nimislibe-

301 568 387 614 ram
417 573 505 615 eius
534 585 623 615 cum
655 570 845 626 sophistis
875 571 1036 613 vivendi
1062 572 1274 624 rationem,
1303 585 1382 627 qua
1405 572 1563 633 divitias
1577 577 1765 626 paternas

301 645 573 699 dilapidabat,
610 650 698 686 orta
736 646 788 687 sit
815 644 963 685 Calliae
995 656 1082 685 cum
1123 649 1236 698 patre
1267 646 1386 686 nimis
1425 656 1551 699 parco
1582 645 1763 687 simultas

298 718 382 770 illa,
411 719 519 761 unde
550 717 778 769 Aeschines
804 718 1037 759 Socraticus
1067 716 1217 773 dialogi
1248 717 1397 764 Calliae
1426 720 1590 764 nomine
1616 718 1767 761 inscri-

297 793 354 846 pti
397 795 672 845 argumentum
716 791 935 843 sumpsisse
978 790 1123 831 dicitur
1168 793 1219 832 ab
1261 791 1473 844 Athenaeo
1499 792 1567 833 lib.
1596 792 1763 845 v.-pag.

299 862 471 903 220.·B.
540 861 658 902 Conf.
703 860 883 902 eiusdem
928 859 995 901 lib.
1027 860 1108 902 Vll.
1157 868 1248 916 pag.
1280 862 1455 919 328.-E.
1531 864 1666 913 Quare
1713 863 1766 905 ad

297 933 474 975 Herbstii
504 933 813 987 explicationem
841 937 885 975 ut
902 933 1161 988 *refugiamus
1192 945 1272 975 non
1300 946 1401 987 opus
1429 939 1516 976 est.
1560 934 1643 976 lam
1662 937 1764 977 'vero

298 1011 436 1048 cetera
475 1007 676 1047 Athenaei
706 1010 956 1060 -argumenta
1002 1010 1166 1047 nostrae
1207 1006 1355 1047 rationi
1398 1019 1479 1049 non
1524 1012 1764 1062 repugnant.

299 1076 417 1127 Quod
448 1081 579 1119 autem
616 1076 674 1131 5¹⁶.
694 1076 950 1129 ,Pherecratis
979 1078 1236 1134 Agl-estibus>
1259 1078 1456 1131 disputat,
1499 1085 1567 1140 aut
1600 1080 1762 1123 fabulae

295 1161 442 1189 annum
471 1149 557 1201 ipse
591 1150 720 1188 minus
749 1153 861 1190 recte
878 1148 1085 1201 indicavit,
1114 1153 1195 1202 aut,
1224 1149 1264 1190 id
1294 1149 1403 1204 quod
1430 1134 1624 1204 perfacile
1651 1152 1762 1194 acci-

295 1221 395 1264 dere
414 1225 587 1275 poterat,
619 1222 680 1263 bis
695 1220 761 1263 illa
775 1222 895 1264 docta
912 1226 987 1274 est,
1007 1235 1197 1284 prunum
1201 1224 1309 1282 circa
1324 1235 1473 1286 ιιιιιιιιιιι
1488 1224 1586 1281 436,
1615 1225 1759 1283 iterum

291 1292 391 1346 421,
419 1293 483 1334 vel
515 1305 567 1334 ex
600 1294 797 1345 Boeekhii
804 1294 1128 1348 computatione
1133 1293 1385 1342 „Gamelione
1394 1306 1513 1352 anni
1526 1279 1621 1350 420.
1661 1295 1763 1337 Nam

293 1368 374 1408 iam
416 1378 524 1408 anno
562 1364 659 1407 438.
732 1355 1013 1407 Pherecratem
1060 1366 1215 1408 fabulas
1264 1366 1453 1408 docuisse
1497 1379 1520 1407 a
1550 1351 1762 1408 Meinekio

293 1439 453 1491 Fragm.
474 1437 584 1478 Com.
605 1437 748 1477 Graec.
765 1437 846 1478 vol.
863 1436 895 1477 Ι.
915 1448 1008 1490 pag.
1029 1435 1096 1477 66.
1120 1436 1434 1479 demonstratum
1452 1442 1526 1479 est.
1555 1438 1763 1481 Schleier-

292 1510 509 1553 macherus
535 1521 628 1564 pag.
659 1509 754 1550 921.
787 1513 827 1550 et
855 1509 1081 1561 flerbstiuS,
1111 1510 1177 1562 qui
1205 1521 1298 1563 pag.
1317 1509 1386 1551 90.
1404 1515 1444 1551 et
1463 1523 1499 1563 q.
1524 1523 1636 1565 seqq.
1666 1511 1762 1554 431.

294 1584 410 1637 ponit
438 1582 590 1636 dialogi
621 1594 768 1623 annum
786 1613 798 1634 ,
840 1581 1072 1636 Agrestium
1106 1581 1310 1622 mentione
1351 1582 1514 1624 alteram
1545 1595 1569 1625 a
1599 1570 1763 1626 Platone

292 1657 549 1699 commissam
580 1667 673 1697 esse
708 1658 849 1709 putant
877 1642 1100 1707 temporum
1129 1654 1433 1706 confusionem,
1473 1660 1517 1696 ut
1539 1656 1664 1708 priori
1693 1657 1764 1708 illi,

290 1741 395 1783 quae
423 1733 511 1769 erat
540 1728 591 1768 de
621 1726 833 1780 Hipponici
861 1730 992 1766 aetate
1024 1731 1163 1778 [quam
1198 1726 1358 1778 quidem
1385 1738 1462 1779 nos
1495 1727 1641 1768 nullam
1668 1740 1762 1770 esse

290 1798 487 1849 vidimus)
520 1797 646 1839 altera
679 1797 867 1838 adiuncta
900 1795 1121 1850 perfectior
1150 1801 1262 1837 esset
1274 1797 1487 1838 simulatio.
1509 1799 1645 1847 ιΩιιοιι
1675 1805 1762 1842 utut

290 1875 382 1923 est,
411 1871 488 1911 hac
519 1881 598 1910 una
627 1868 882 1919 difficultate,
914 1869 949 1908 si
978 1879 1055 1920 qua
1085 1872 1162 1917 est,
1192 1872 1332 1909 nostra
1360 1870 1653 1922 argumentatio
1681 1871 1762 1912 mi·-

290 1944 399 1984 nime
425 1934 718 1993 labefactatur,
760 1941 825 1981 cui
855 1941 976 1981 etiam
1004 1939 1081 1981 alia
1110 1939 1307 1993 quaedam
1335 1940 1430 1982 addi
1460 1947 1628 1994 possunt
1654 1942 1761 1985 levia

291 2016 452 2071 quidem
480 2013 662 2070 singula,
700 2024 826 2067 quare
866 2012 1000 2054 omnia
1029 2023 1236 2066 exponere
1266 2012 1361 2054 nolo
1381 2044 1393 2066 ,
1434 2012 1507 2055 sed
1538 2025 1641 2067 quae
1671 2025 1782 2055 cum*

289 2071 492 2144 prioribus
525 2086 671 2129 collata
701 2086 954 2126 auctoritatis
988 2096 1127 2126 eorum
1173 2085 1330 2139 pondus
1366 2090 1553 2140 augeant.
1608 2086 1762 2128 Socra-

288 2165 351 2203 tes
390 2161 495 2202 enim
537 2145 737 2201 iuniorem
783 2169 830 2198 se
874 2157 961 2211 ipse
994 2157 1229 2211 profitetur,
1276 2161 1320 2199 ut
1351 2169 1442 2212 pag.
1472 2157 1569 2202 314.
1596 2158 1627 2200 B
1659 2158 1761 2212 Hip-

287 2238 496 2287 pocratem
523 2236 577 2273 ita
605 2231 843 2283 alloquitur:
879 2229 1022 2270 Ταῦτα
1047 2223 1124 2269 οὖν
1155 2227 1413 2281 σκοπώμεθα
1445 2228 1517 2270 καί
1542 2228 1647 2281 μετά
1677 2232 1760 2272 τῶν

287 2304 588 2359 πρεσβυτέρων
610 2301 744 2358 ἡμῶν·
775 2299 897 2355 ἡμεῖς
922 2298 1005 2355 γάρ
1037 2296 1099 2343 ἔτι
1128 2301 1215 2342 νέοι
1242 2295 1352 2342 ὥστε
1379 2303 1555 2343 τοσοῦτο
1584 2303 1759 2355 πρᾶγμα

213 2365 215 2369 ’
288 2376 519 2417 διελέσθαι.
580 2375 668 2424 Quo
712 2385 939 2427 quanquam
982 2373 1112 2414 iocari
1151 2372 1361 2413 Socratem
1402 2384 1654 2426 nequaquam
1694 2384 1760 2414 me

285 2447 389 2503 fugit
410 2479 422 2499 ‚
465 2452 599 2489 tamen
642 2446 909 2501 quadraginta
949 2457 1025 2487 sex
1066 2445 1154 2487 fere
1193 2457 1323 2488 annos
1365 2449 1499 2497 natum
1541 2445 1650 2487 Plato
1690 2447 1759 2488 vix

283 2522 341 2563 ita
370 2520 599 2573 loquentem
627 2521 768 2561 lacere
787 2519 977 2573 potuerit,
1013 2518 1087 2560 sed
1113 2518 1239 2572 potuit
1265 2518 1428 2571 triginta
1459 2522 1644 2571 quattuor
1672 2518 1759 2559 fere

285 2593 517 2636 habentem.
587 2593 794 2647 Colloquio
839 2591 987 2648 deinde
1019 2591 1071 2632 ad
1108 2591 1228 2632 finem
1258 2589 1452 2659 perducto
1480 2603 1572 2646 pag.
1603 2590 1698 2633 361.
1725 2590 1758 2655 E

289 2667 397 2708 hanc
435 2667 681 2719 Protagoras
721 2665 772 2706 de
803 2666 974 2708 Socrate
1012 2664 1091 2704 fert
1129 2663 1393 2705 sententiam:
1420 2663 1535 2705 Ἐπεί
1561 2679 1631 2705 και
1662 2678 1759 2719 περι

288 2739 370 2781 σοῦ’
399 2737 505 2793 πρὸς
537 2734 719 2785 πολλοὺς
748 2737 797 2793 δὴ
830 2735 994 2794 εἴρηκα,
1029 2734 1094 2778 ὅτι
1126 2753 1185 2779 ων
1217 2733 1461 2791 ἐντυγχάνω
1494 2734 1600 2777 πολύ
1628 2735 1756 2788 μάλι-

206 2852 211 2855 ι
287 2828 368 2855 στα
396 2807 562 2866 ἄγαμαι
591 2811 656 2863 σε’,
685 2811 769 2851 ταῖν
799 2812 877 2870 μὲιζ
902 2808 1153 2866 τηλικούτων
1181 2810 1255 2851 καί
1281 2808 1411 2852 πάνυ·
1472 2808 1546 2851 καί
1572 2809 1678 2864 λέγω
1697 2824 1758 2866 γε,
