1871 3204
684 117 1045 163 —181—

146 261 186 299 et
214 268 251 312 q.
279 268 405 315 seqq„
432 230 547 321 alteri
575 271 733 315 quoque
760 260 979 304 Abderitae
1009 261 1253 316 negligentia
1285 258 1456 315 quadam
1482 256 1585 300 Dio-

140 331 259 383 genis
287 322 469 374 tributum
496 344 588 375 esse
614 337 741 387 putes.
800 332 924 382 Quam
946 333 1103 387 quidem
1131 334 1367 375 sententiam
1397 342 1474 385 nos
1502 342 1585 372 non

146 403 439 457 amplectimur:
462 403 570 446 'nam
604 408 764 459 praeter
798 405 1065 446 Democritum
1103 405 1244 447 multos
1277 405 1377 447 alios
1418 404 1469 446 de
1507 403 1585 444 hae

141 486 188 516 re
217 475 454 518 disseruisse
480 475 710 529 Mullaehius
748 474 933 528 exposuit
959 471 1051 530 pag.
1085 476 1174 520 114.
1232 477 1292 516 Ex
1309 476 1437 517 Procli
1460 487 1584 529 prae-

80 578 90 594 ,
144 547 259 600 cipue
299 548 458 590 verbis:
506 546 593 601 Τὴν
618 548 701 599 μὲν
725 549 824 600 περὶ
848 548 929 587 τῶν
955 548 1187 589 α’ποθανεῖν
1217 546 1417 596 δοξάντων
1442 546 1584 589 ἔπειτα

141 617 181 658 δ’
207 616 489 671 α’ναβιούντων
500 615 690 671 ἱστορίαν
715 612 834 658 ἄλλοι
862 632 906 659 τε
934 620 1077 659 πολλοί
1102 620 1185 660 τῶν
1216 620 1404 660 παλαιῶν
1432 614 1584 673 ἦθροι-
1615 654 1621 661 .

140 706 220 732 σαν
247 692 320 732 καί
333 690 596 746 Δημόκριτος
625 687 647 730 ὅ
666 682 856 745 ’φυσικὸς
879 690 922 731 ’ἔν
938 694 1036 738 τοῖς·
1051 685 1151 751 πξρἱ
1176 691 1251 731 τοῦ
1268 685 1418 733 ”Αιδου
1447 690 1584 744 γράμ-

142 778 272 814 μασιν
309 768 349 804 et
381 775 419 816 q.
458 774 573 815 seqq.
619 763 844 816 ceterisque
889 764 1147 817 scriptorum
1167 762 1268 804 loeis
1309 774 1333 804 a
1374 762 1582 804 Mullachio

145 835 351 888 congestis
382 836 418 875 si
448 833 541 886 quid
573 835 612 875 in
640 834 897 907 Protagoram
930 835 1134 877 coniicere
1162 835 1277 886 licet,
1312 835 1392 875 hoe
1429 834 1479 874 de
1517 835 1583 875 in-

142 907 240 948 feris
281 907 471 960 opusculo
503 907 553 948 de
594 907 642 948 iis
682 880 919 961 disputavit,
966 909 1032 962 qui
1062 908 1135 962 pr'o
1163 908 1327 949 mortuis
1356 907 1478 948 habiti
1508 919 1586 961 po-

141 983 228 1021 stea
256 980 498 1021 revixerunt.
555 980 641 1029 Quo
669 980 828 1034 quidem
856 993 937 1022 non
969 981 1196 1024 contentum
1222 981 1347 1022 fuisse
1372 984 1465 1034 puto
1495 980 1587 1021 uni-

142 1065 302 1094 versum
328 1053 419 1095 libri
448 1054 674 1095 consilium:
703 1053 780 1110 sect
809 1038 979 1097 tortasse
1009 1055 1171 1096 omnino
1200 1054 1250 1096 de
1270 1054 1471 1095 hominum
1500 1058 1588 1107 post

143 1130 312 1168 mortem
342 1126 572 1168 conditione
600 1125 801 1169 disseruit.

514 1307 566 1354 B.
637 1306 887 1370 Scripta
926 1306 1210 1353 moralia.

829 1439 893 1479 IV.

682 1542 833 1619 Περὶ
843 1541 1070 1608 ἀρετῶν.

248 1659 336 1723 Hoo
374 1658 505 1712 libro,
547 1659 658 1701 cuius
698 1658 994 1729 ingeriptionem
1033 1669 1085 1699 ex
1112 1658 1230 1712 Diog.
1259 1658 1389 1700 Laert.
1421 1658 1487 1699 lib.
1517 1659 1584 1699 lX.

140 1737 181 1782 §.
212 1733 278 1773 55.
303 1732 498 1784 novimuS‚
528 1731 764 1784 exposuisse
793 1731 951 1772 videtur
980 1745 1076 1784 περι
1106 1729 1393 1786 σωφροσύνης,
1424 1732 1585 1772 δικαιο-

141 1802 284 1859 σύνης,
315 1801 542 1859 οσιότητος,
574 1802 760 1857 ἀνδρίας,
784 1816 959 1858 σοφιαςτ
984 1801 1067 1844 vid.
1097 1813 1188 1857 pag.
1222 1801 1312 1843 101.

844 1935 890 1976 V.

170 2034 288 2101 Περὶ
323 2033 418 2083 τῶν
451 2035 537 2081 οὐκ
567 2032 720 2101 όρῆὦς
748 2037 853 2088 τοῖς
883 2031 1154 2097 ἀνθρώποις
1184 2033 1546 2098 πρασσομένων.

1517 2116 1536 2141 δ

246 2159 365 2212 Diog.
390 2159 520 2200 Laert.
558 2159 626 2200 lib.
654 2160 721 2200 IX.
754 2165 790 2209 §
821 2160 911 2201 55.
943 2161 1023 2201 Aut
1061 2161 1298 2212 superioris,
1340 2164 1382 2199 ut
1421 2160 1581 2201 Geelius

135 2244 230 2287 pag.
249 2230 317 2275 84.
337 2235 376 2273 et
398 2231 604 2273 Herbstius
633 2242 725 2286 pag.
746 2228 839 2273 148.
867 2234 1099 2284 statuerunt,
1128 2235 1193 2272 aut
1221 2230 1334 2270 huius
1351 2230 1440 2271 hbn
1470 2230 1582 2286 frag-

134 2308 308 2345 mentum
330 2315 422 2345 esse
448 2308 565 2357 puto,
593 2314 707 2356 quem
735 2303 981 2357 Protagorae
1007 2305 1137 2345 locum
1164 2304 1393 2344 Plutarchus
1421 2305 1583 2345 exhibet

140 2378 297 2422 Consol.
330 2377 382 2420 ad
409 2376 537 2433 Apoll.
568 2388 654 2431 cap.
683 2374 878 2418 XXXlll:

834 2471 874 2513 3.
936 2508 940 2511 ,

252 2563 369 2615 Ταῗν
396 2571 497 2627 γὰρ
528 2571 964 2628 υἷέων,·νεηνιῶ’ν
994 2567 1171 2613 ὄντων
1199 2574 1286 2615 καί
1315 2573 1492 2624 καλῶν,
1523 2573 1575 2613 ἐν

136 2645 286 2688 ὀκτώ
315 2643 529 2694 &erats-
568 2645 785 2702 πάσῃσι
820 2636 1047 2701 ἧμέρῃσί
1076 2642 1470 2688 α’ὴοθανόντων
1499 2660 1577 2699 νη-

133 2720 389 2766 πενθέως
417 2712 631 2774 ἀνέτλη.
688 2716 899 2772 εὐδίης
925 2714 1030 2771 γὰρ
1062 2714 1267 2772 εἴχετο,
1297 2718 1347 2767 ἐξ
1378 2710 1433 2770 ἧς
1462 2720 1576 2757 πολ-

136 2789 234 2833 λόν
280 2785 458 2846 α’)’νητο
498 2789 638 2832 κατὰ
684 2781 859 2830 jaciam
902 2786 1104 2845 ἡμέρην
1144 2792 1228 2839 εἰς
1265 2789 1576 2845 εὐποτμίην
1644 2810 1646 2812 ·

133 2861 233 2904 καί
261 2861 683 2921 ἄνωὸυνίηνζκαί
709 2857 806 2916 τήν
836 2862 890 2903 ἐν
919 2868 1074 2905 τοῖσι
1103 2865 1363 2904 πολλοῖσι
1384 2859 1576 2914 δόξαν.
