1871 3204
860 142 1153 185 ...2-

274 264 370 310 494.
401 264 465 306 ed.
495 265 540 306 Κ.
569 265 611 305 1..
631 263 798 317 Kayser.
830 275 921 319 pag.
946 264 1019 306 14:
1051 261 1345 319 Πρωταγόρας
1375 265 1423 307 δὲ
1450 262 1472 306 o‘
1489 263 1747 321 Ἀβδηρίτης

279 343 319 378 et
352 351 390 391 q.
425 349 536 389 seqq.
606 336 831 389 Stephanus
868 337 1030 390 Byzant.
1062 348 1094 377 S.
1118 335 1164 376 v·
1193 333 1390 390 Ἀβδηρα
1428 338 1493 379 ed.
1527 338 1743 381 western.

277 422 368 464 pag.
411 410 463 450 5:
512 410 720 450 Πλεῖστοι
769 409 805 449 δ’
856 408 1113 463 ’Λβδηρῖται
1160 403 1242 449 ὖπὸ
1282 409 1368 449 τῶν
1415 406 1742 465 πινααυγράφων

276 479 609 535 ἀναγράφονται·
670 480 917 529 Νικαίνετος
960 477 1158 527 ἐποποιὸς
1202 476 1276 521 καί
1318 479 1643 536 Πρωταγόρας,
1673 498 1742 514 -·

275 549 394 603 οὗτος
425 546 502 595 οὖν
535 551 558 594 ό
589 551 883 609 Πρωταγόρας
925 552 998 594 καί
1026 550 1290 607 Δημόκριτος
1328 552 1597 607 Ἀβδηρῖται.
1657 555 1741 596 Cic.

272 627 378 667 Brut.
411 638 499 680 cap.
527 626 628 667 VIII.
663 633 701 678 5.
733 625 811 666 30:
852 625 969 677 „Tum
999 625 1217 665 Leontinus
1246 625 1450 685 Gorgias,
1496 625 1740 680 Thrasyma-

278 699 379 740 chus
412 699 723 749 Chalcedonius,
752 698 995 753 Protagoras
1024 698 1255 747 Abderites,
1283 690 1476 739 Prodicus
1497 699 1613 750 Ceus,
1640 699 1739 753 Hip-

272 761 361 825 pias
391 759 514 813 Eleus
554 772 595 811 in
626 770 782 811 honore
821 776 970 824 magno
1002 770 1110 810 suit.“
1167 769 1225 814 ht
1269 770 1356 812 Nat.
1386 770 1460 812 De.
1493 770 1559 813 lib.
1589 771 1618 812 I.
1651 784 1737 825 cap.

264 843 411 885 XXIII.
441 848 477 893 §.
502 843 584 884 63:
618 843 738 895 ⁷,Nam
768 842 987 884 Abderites
1017 842 1175 895 qu1d‹·m
1192 842 1435 896 Protagoras
1453 866 1508 875 —
1536 843 1740 895 sophistes

266 916 515 969 temporibus
544 915 622 956 illis
650 915 714 955 vel
744 915 980 956 maximus.“
1011 914 1068 955 Id.
1102 916 1152 955 de
1186 914 1253 955 Or.
1286 914 1352 955 lib.
1376 914 1442 955 III.
1468 927 1557 968 cap.
1576 915 1737 956 XXXII.

267 995 305 1038 ς.
336 989 455 1029 128;’
492 988 575 1040 „De
615 988 837 1042 Protagora
882 988 1100 1043 Abderita“
1143 991 1184 1028 et
1212 1000 1250 1041 q.
1287 1000 1319 1028 s.
1378 987 1477 1028 Geli.
1506 988 1623 1029 Noct.
1652 988 1733 1029 Ait.

266 1062 334 1102 lib.
368 1062 413 1101 V.
447 1073 534 1113 cap.
564 1054 636 1103 ,35
658 1060 718 1113 „Is
749 1061 1037 1115 (Protagoras)
1075 1060 1239 1101 Abdera
1278 1049 1319 1101 in
1362 1061 1578 1114 oppidum,
1619 1062 1734 1102 culus
1783 1098 1786 1100 ,

271 1133 474 1188 popularis
508 1133 601 1174 fuit«
648 1138 688 1173 et
717 1144 754 1186 q.
787 1145 899 1187 seqq.
967 1133 1083 1187 Apul.
1124 1132 1269 1174 Florid.
1313 1132 1381 1173 lib.
1411 1132 1477 1173 IV.
1519 1145 1623 1174 num.
1656 1135 1734 1175 18:

264 1207 561 1261 „Protagoras‚
605 1207 672 1259 qui
714 1205 894 1259 sophista
928 1206 1000 1248 tuit
1029 1206 1152 1260 longe
1182 1205 1402 1247 multiscius
1431 1231 1486 1238 -—
1518 1194 1735 1249 Democriti

262 1279 421 1333 physici
463 1279 565 1319 civis
599 1283 867 1332 aequaevus.“
923 1278 1121 1323 Ammian.
1154 1278 1276 1319 Marc.
1307 1278 1374 1320 lib.
1406 1278 1528 1320 XXII.
1561 1290 1649 1334 cap.
1680 1280 1734 1320 8:

263 1351 451 1404 „Abdera
483 1351 640 1402 visitur,
671 1351 918 1404 Protagorae
951 1350 1192 1394 domicilium
1224 1355 1266 1391 et
1290 1350 1547 1391 Democriti.“
1602 1385 1609 1392 ,,

372 1423 525 1472 Quibus
556 1422 660 1463 locis
688 1435 916 1477 quanquam
946 1424 997 1463 de
1028 1422 1206 1464 Abderis
1221 1423 1473 1477 Protagorae
1498 1424 1626 1476 patria
1651 1424 1730 1484 du«.—

258 1496 389 1535 bitare
418 1496 495 1536 iam
526 1506 608 1535 non
635 1495 761 1535 licere
792 1496 892 1535 satis
920 1499 1016 1548 puto
1041 1498 1235 1548 apparet,
1273 1499 1365 1536 sunt
1394 1499 1525 1536 tamen
1555 1495 1730 1538 tortasse

261 1569 329 1622 qui
361 1558 574 1617 mirentur,
607 1567 713 1621 quod
744 1572 906 1609 veteres
934 1568 1155 1621 scriptores
1185 1568 1417 1609 consentire
1447 1580 1588 1610 omnes
1619 1568 1729 1611 affir-

258 1642 467 1691 maverim,
497 1652 588 1681 cum
619 1640 724 1693 apud
754 1641 980 1694 Diogenem
1008 1640 1209 1681 Laertium
1238 1640 1306 1680 lib.
1337 1640 1404 1681 IX.
1434 1647 1471 1691 §.
1492 1641 1558 1681 50.
1592 1641 1728 1695 Ειψο-λ

255 1713 350 1755 Iidis
382 1713 620 1755 exhibeatur
648 1712 714 1753 hic
746 1723 912 1753 versus:

518 1780 690 1826 Ἔνδοθι
717 1784 797 1834 μέν
823 1785 911 1825 ἐστι
942 1781 1243 1836 Πρωταγόρας
1272 1781 1293 1822 ὅ
1327 1782 1465 1836 Τήϊος.

260 1858 388 1907 Quem
416 1856 682 1910 respicientes
714 1856 893 1897 nonnulli
923 1856 1184 1909 Protagoram
1216 1855 1352 1896 Teium
1389 1867 1548 1909 quoque
1581 1856 1726 1898 dictum

262 1942 358 1971 esse
404 1934 743 1970 commemorant:
783 1933 826 1969 ut
867 1928 973 1968 idem
1012 1927 1265 1980 Stephanus,
1307 1928 1433 1980 quis.
1467 1941 1504 1968 v.
1524 1922 1732 1982 '‘Affl‘qoa

262 2002 314 2043 de
343 2002 568 2056 Protagora
601 2002 797 2044 Abderita
841 2000 1034 2052 disserit,
1060 2011 1151 2054 pag.
1185 1999 1280 2041 276.
1310 2011 1343 2041 s.
1377 2013 1413 2041 v.
1450 2001 1589 2049 Τέως·
1615 2000 1734 2043 ,Πό-

263 2078 328 2123 λις
344 2073 507 2123 Ἰωνίας
525 2099 593 2120 —.
622 2073 667 2115 τὸ
700 2072 869 2114 ἐθιιικὸν
903 2071 1028 2125 Τήϊος
1044 2096 1098 2105 —-
1116 2071 1195 2127 (ἐφ’
1221 2067 1273 2112 οὗ
1291 2072 1587 2125 Πρωταγόρας
1609 2072 1732 2125 Τήϊος

258 2147 403 2191 Suidas
431 2146 459 2189 l.
489 2146 535 2189 l.=
564 2144 863 2202 Πρωταγόρας
892 2145 1165 2201 Ἀβδηρίτης
1192 2159 1261 2179 -·
1289 2147 1398 2195 τινὲς
1427 2148 1474 2188 δὲ
1499 2148 1572 2188 καί
1607 2144 1733 2201 Τήϊον

257 2222 390 2261 αύτὸν
420 2218 627 2274 ἔγραψαν.
656 2219 772 2267 Quod
795 2219 1003 2271 repetitum
1020 2223 1084 2259 est
1100 2219 1150 2259 ab
1166 2218 1347 2259 Eudocia
1374 2219 1438 2259 ed.
1457 2219 1609 2260 Villois.
1638 2230 1730 2272 pag.

258 2292 355 2335 356.
403 2292 606 2334 Anecdot.
635 2293 778 2333 Graec.
810 2296 904 2333 tom.
937 2291 983 2332 1:
1036 2291 1335 2346 Πρωταγόρας
1372 2292 1628 2347 Ἀβδηρίτης
1658 2307 1729 2323 --·

258 2369 371 2415 τινὲς
398 2368 445 2407 δὲ
467 2367 552 2411 ,καί
584 2365 711 2418 Τήϊον
743 2363 873 2405 αὐτὸν
904 2363 1112 2418 ἔγραψαν.
1170 2364 1275 2405 Satis
1318 2365 1477 2418 quidem
1507 2364 1732 2406 habuerunt

259 2440 532 2481 recentiorum
560 2438 740 2492 plerique
758 2469 769 2490 ,
813 2438 1019 2491 Eupolidis
1047 2449 1206 2478 versum
1236 2438 1301 2479 vel
1328 2449 1495 2491 prorsus
1523 2438 1731 2492 negligere

259 2510 327 2551 vel
357 2522 537 2551 errorem
567 2511 764 2563 imputare
794 2510 972 2550 comico:
1005 2509 1114 2550 velut
1143 2508 1367 2561 Wendtius‚
1399 2510 1464 2563 qui
1496 2510 1547 2551 ad
1567 2509 1730 2551 Tenne-

260 2584 399 2625 manni
428 2583 519 2624 hist.
554 2583 698 2637 philos.
731 2587 826 2624 tom.
846 2582 875 2623 1.
904 2594 997 2636 pag.
1014 2580 1111 2622 495.
1146 2581 1226 2623 hoc
1258 2582 1431 2626 adiecit:
1461 2584 1563 2636 „Die
1586 2584 1732 2625 zweite

261 2657 434 2712 Angabe
468 2656 540 2697 des
568 2657 796 2710 Diogenes,
844 2656 939 2696 dass
969 2667 1016 2696 er
1041 2666 1114 2696 aus
1144 2654 1249 2695 Teos
1279 2667 1503 2710 gewesen,
1547 2654 1617 2696 hat
1656 2655 1729 2697 das

263 2741 395 2783 ganze
440 2728 662 2770 Alterthum
708 2739 846 2782 gegen
889 2728 1014 2771 sichss
1059 2732 1101 2767 et
1132 2727 1366 2769 Brandisius
1402 2728 1542 2769 histor.
1582 2727 1730 2782 philos.

265 2807 358 2844 tom.
389 2802 418 2843 1.
451 2813 543 2856 pag.
574 2802 685 2842 523:
718 2802 984 2854 „Protagoras
1014 2812 1086 2842 aus
1115 2800 1304 2843 Abdera“
1335 2804 1375 2841 et
1402 2812 1439 2854 q.
1470 2813 1517 2852 s.‚
1547 2801 1735 2854 adquod

261 2874 495 2915 annotavit:
524 2872 631 2925 „Nur
656 2872 728 2913 der
747 2872 938 2914 Komiker
958 2871 1121 2927 Eupolis
1151 2871 1260 2913 hatte
1286 2871 1354 2913 ihn
1371 2872 1489 2914 Teier
1515 2877 1732 2928 genennt!
