1871 3204
729 112 1090 159 —173—

182 235 424 289 Protagorae
452 236 697 277 institutione
727 248 839 277 usum
870 248 966 277 esse·
1000 249 1051 277 ex
1083 241 1164 277 tota
1205 238 1292 278 eius
1336 239 1477 277 natura
1520 240 1637 289 atque

182 307 346 359 indole,
357 319 359 321 ’
387 308 541 362 qualem
571 321 622 349 ex
650 308 727 350 hoc
757 309 929 362 dialogo
949 309 1235 364 cognovimus,
1276 308 1381 349 haud
1411 307 1517 350 male
1547 307 1637 348 for-

179 382 289 420 tasse
316 381 522 422 coniicias.
554 366 794 433 Quanquam
813 381 980 433 Epicteti
1008 381 1142 421 verbis
1171 382 1274 422 Diss.
1304 382 1373 422 lib.
1390 381 1455 422 111.
1485 392 1572 433 cap.
1586 381 1635 420 5:

180 453 347 494 Ταῦτα
363 447 419 507 ἦν
446 451 477 493 ἀ
507 446 599 508 ᾔδει
629 451 874 506 Σωκράτης”
932 469 1002 494 και
1040 449 1155 504 ὅμως
1189 453 1376 495 οὐδέποτ’
1416 449 1533 495 εἶπεν
1571 466 1637 493 οτι

178 517 271 566 οἶδέ
292 540 330 566 τι
362 521 389 579 ἢ
422 522 625 565 διδάσκει.
683 524 724 565 εἰ
750 525 809 564 δέ
846 539 922 572 τις
945 527 1050 574 λεξει
1043 525 1125 564 ’δια
1166 518 1257 580 ᾔτει
1299 520 1326 578 ἢ
1353 523 1634 578 θεωρήματα,

177 595 311 648 α’πῆγε
333 593 435 648 πρὸς
452 593 765 649 Πρωταγόραν,
797 592 905 648 πρὸς
910 591 1090 648 Ἱππίαν,
1122 596 1263 648 quibus
1279 596 1330 637 ad
1342 597 1512 639 Platonis
1527 598 1632 639 Prot.

179 665 204 706 l.
237 666 276 716 1.,
307 666 376 707 ubi
412 666 674 719 Hippocrates
703 677 725 706 a
745 665 923 707 Socrate·
941 665 1187 720 Protagorae
1215 667 1255 707 in
1285 668 1528 721 disciplinam
1549 674 1635 711 tra-

174 737 292 790 ditur,
320 738 466 791 respici
496 738 602 778 illum
635 742 813 791 apparet,
845 738 897 778 01)
928 737 989 778 id
996 739 1123 792 ipsum
1153 739 1248 779 nihil
1277 740 1479 792 probatur.

282 810 525 851 Paralum
566 814 686 873 atque
718 810 984 868 Xanthippum
1023 810 1126 853 filios
1170 823 1194 852 a
1237 811 1390 852 Pericle
1425 812 1629 865 sophistae

176 876 344 923 maximi
366 883 574 924 aestimato
604 881 847 923 erudiendos
879 881 1003 923 fuisse
1029 882 1197 923 traditos
1209 888 1524 925 consentaneum
1554 889 1626 925 est.

178 955 310 1008 Atque
336 954 520 1008 profecto
550 954 671 1008 apud
679 954 882 996 Platonem
913 954 1092 1008 (Protag.
1123 967 1215 1009 pag.
1231 954 1325 997 314.
1344 955 1376 997 Ε
1405 961 1445 997 et
1465 956 1560 1002 315
1573 958 1631 1006 A)

174 1028 222 1069 -in
250 1025 443 1082 proximis
460 1027 706 1083 Protagorae
739 1027 986 1069 auditoribus
1016 1033 1298 1069 memorantur.
1348 1029 1499 1070 Patrem
1527 1028 1630 1069 nulla

180 1112 233 1141 ex
261 1106 375 1154 parte
405 1112 600 1154 aequasse
627 1101 835 1144 videntur:
867 1102 974 1142 conf.
1004 1114 1095 1154 pag.
1130 1102 1225 1143 319.
1246 1101 1292 1153 Ε,
1320 1102 1451 1147 Alcib.
1477 1101 1505 1143 1.
1536 1113 1630 1156 pag.

181 1174 272 1214 118.
302 1173 348 1225 Β,
385 1173 487 1214 Men.
515 1185 604 1227 pag.
619 1172 685 1214 94.
702 1173 745 1214 B.
786 1173 1000 1226 Utrumque
1030 1174 1133 1213 int-ra
1165 1177 1260 1214 octo
1293 1174 1388 1215 anni
1414 1173 1509 1218 429.
1541 1174 1633 1215 die-

177 1258 263 1287 rum
285 1247 471 1300 *spatium
516 1246 646 1300 paullo
687 1251 780 1287 ante
820 1251 974 1299 patrem
1017 1246 1242 1299 pestilentia
1292 1247 1494 1301 abreptum
1537 1259 1631 1288 esse

178 1323 319 1361 auctor
339 1323 401 1360 est
420 1319 661 1373 Protagoras
693 1319 778 1372 ipse
806 1318 909 1371 apud
939 1318 1188 1363 Plutarchum
1221 1319 1383 1361 Consul.
1415 1320 1467 1360 ad
1498 1320 1630 1374 Apoll.

184 1402 272 1445 cap.
296 1391 483 1432 XXXlll.
517 1391 617 1440 (vid.
647 1402 737 1444 pag.
771 1391 867 1441 67.)

288 1464 549 1526 Periclem
576 1473 704 1518 usque
733 1463 785 1505 ad
814 1468 981 1504 mortem
1005 1475 1117 1506 suam
1134 1476 1222 1504 cum
1238 1464 1455 1518 Protagora
1473 1465 1631 1517 semper

176 1522 502 1577 coniunctissime
530 1538 682 1577 vixisse
696 1536 775 1576 «tib.
791 1537 819 1577 1.
850 1548 937 1588 cap.
952 1535 998 1576 V.
1022 1537 1314 1604 ιιιιροειιίιιιιιεςι
1334 1536 1452 1577 V1de
1442 1548 1480 1576 ιιι
1490 1537 1630 1590 primis
1722 1561 1727 1571 ι

174 1608 267 1653 Plut
296 1608 434 1651 Pericl.
463 1620 549 1662 cap.
577 1607 757 1649 XXXVI.
780 1615 893 1662 (pag.
923 1607 989 1649 66.
992 1613 1027 1659 J,
1054 1608 1122 1648 ubi
1149 1619 1223 1661 per
1248 1612 1371 1648 totum
1403 1608 1507 1648 diem
1539 1621 1629 1649 cum

169 1681 389 1734 Protagora
418 1681 469 1720 de
499 1693 577 1721 una
606 1693 651 1721 re
682 1681 905 1732 disputasse
934 1681 1089 1722 dicitur.
1151 1705 1153 1707 v
1374 1701 1379 1705 ·

268 1753 622 1817 Philippides
640 1752 852 1793 Philomeli
879 1753 1008 1794 filius:
1039 1752 1132 1793 Plat.
1162 1752 1266 1792 Prot.
1299 1765 1389 1807 pag.
1417 1754 1513 1794 315.
1545 1755 1594 1794 A.

286 1814 587 1865 Theodorus
620 1826 865 1894 Cyrenaicus
896 1826 1140 1879 Protagorae
1167 1827 1312 1867 dicitur
1338 1821 1501 1880 ἑταῖρος
1531 1826 1627 1868 Plat.

171 1896 336 1939 Theaet.
344 1888 457 1970 pag
493 1896 583 1963 161.
613 1895 658 1963 Β,
689 1890 841 1938 168.Ε
810 1895 856 1948 Ε,
883 1896 1004 1951 φίλος
1034 1896 1255 1960 pag.162
1288 1898 1339 1948 A,
1368 1888 1628 1951 placitorum,-

175 1981 251 2023 que
278 1966 364 2010 eius
391 1972 608 2021 επιτροπος
630 1960 727 2034 pag.
741 1971 837 2010 ·.164
868 1970 914 2009 Ε.
956 1956 1073 2010 (3οιι1.
1105 1950 1197 2022 pag.
1231 1969 1322 2011 179.
1357 1971 1406 2011 Α.
1447 1969 1524 2013 Sed
1554 1981 1627 2011 re-

171 2036 276 2085 110118
304 2031 458 2097 postea
486 2042 729 2098 Protagorae
759 2032 911 2083 scholis
935 2034 1228 2082 mathematicis
1257 2041 1396 2082 studiis
1425 2053 1470 2082 se
1500 2041 1627 2082 dede-

170 2120 259 2157 rat:
285 2127 381 2178 pag.
397 2116 487 2156 165.
509 2117 569 2166 A,
606 2116 715 2156 conf.
737 2128 828 2179 pag.
846 2114 937 2156 143.
951 2114 1017 2155 -Β
1013 2115 1069 2166 C,
1101 2114 1192 2167 145.
1206 2115 1267 2155 A·
1257 2114 1481 2179 ‚Xenoph.
1508 2114 1626 2157 Mem.

168 2188 236 2231 111).
259 2187 287 2247 1.
312 2199 417 2247 cap.
424 2186 470 2245 11.
502 2192 545 2241 s.
569 2187 632 2239 10.
672 2178 789 2240 Apud
819 2187 934 2240 Apul.
966 2173 1112 2240 Dogm.
1142 2186 1236 2227 P-lat.
1263 2186 1331 2227 lib.
1352 2176 1381 2227 1.
1413 2198 1498 2239 cap.
1513 2190 1554 2231 3.-
1586 2193 1628 2228 et

169 2244 287 2314 fiiog.
315 2241 446 2301 Laert.
477 2259 543 2300 lib.
573 2258 636 2300 111.
666 2263 707 2308 §.
725 2258 777 2300 6.
835 2259 945 2300 Plato
975 2259 1142 2319 auditor
1158 2259 1245 2323 eius
1263 2257 1398 2322 luisse
1430 2258 1589 2301 dicitur.

276 2332 637 2386 Xanthippum,
677 2331 843 2371 Periclis
870 2313 1037 2372 liliorum
1066 2314 1160 2371 natu
1193 2317 1386 2371 maiorem
1425 2344 1516 2372 cum
1545 2334 1622 2373 Pa-

167 2406 254 2446 ralo
289 2408 413 2447 fratre
450 2407 693 2460 Protagorae
730 2403 879 2446 scholis
920 2402 1148 2446 interfuisse
1187 2402 1260 2446 sub
1290 2402 1421 2445 Parati
1462 2406 1625 2445 nomine

170 2477 482 2522 demonstratum
521 2481 595 2520 est.
652 2476 690 2516 Is
731 2488 820 2515 cum
854 2477 1020 2515 muliere
1058 2488 1141 2515 rem
1173 2477 1329 2517 habens
1367 2480 1482 2518 nimis
1511 2491 1623 2518 sum-

166 2558 282 2594 tuosa
310 2553 433 2605 patris
460 2552 723 2607 frugalitatem
755 2561 879 2605 aegre
907 2548 993 2592 tulit
1023 2547 1245 2592 etPericlis
1274 2549 1409 2592 verbis
1440 2549 1489 2591 ab
1520 2549 1625 2591 ami-

168 2636 310 2671 eorunr
327 2625 421 2665 'eius
448 2636 535 2666 uno
558 2625 767 2679 pecuniam
796 2623 937 2662 sumsit
966 2626 1166 2663 mutuam:
1197 2636 1315 2676 quam
1335 2625 1386 2664 ob
1416 2636 1498 2663 rem
1521 2623 1622 2669 filius

163 2710 191 2749 a
221 2686 334 2750 patre
366 2699 404 2736 in
454 2698 638 2738 iudicium
678 2700 842 2738 vocatus
883 2695 986 2736 illius
1029 2707 1117 2737 cum
1149 2696 1367 2751 Protagora
1404 2699 1624 2737 consuetu-

167 2770 249 2815 dini
279 2767 412 2811 irrisit.
471 2769 559 2812 Vid.
590 2770 684 2837 Plut.
718 2769 802 2809 Per.
834 2779 924 2821 cap.
954 2767 1133 2811 XXXVI.

291 2843 628 2885 Alcibiadem
669 2848 708 2885 et
746 2842 966 2884 Critiam
1006 2844 1126 2885 nolim
1170 2854 1246 2897 ego
1291 2841 1342 2883 ob
1382 2841 1476 2883 Plat.
1518 2841 1623 2885 Prot.
