1871 3204
829 186 1220 238 —36.—-‚

262 303 374 356 multi
399 313 479 354 hoo
507 324 645 354 verum
677 316 896 366 putarunt,
936 316 977 356 in
1014 314 1159 368 quibus
1185 313 1229 355 C.
1258 313 1327 366 Fr.
1351 313 1602 363 {lemannus
1628 313 1721 355 loco

260 395 351 438 pag.
383 383 420 424 9.
450 383 667 436 exscripto.
723 383 812 437 Ego
845 394 943 426 vero
972 385 1101 438 ipsum
1127 384 1399 437 Democritum
1429 388 1471 426 et
1492 376 1720 445 Apollodo-

259 467 346 497 rum
372 454 556 518 Diodoro
601 466 835 508 opponere
848 467 900 497 eo
941 457 1071 498 minus
1111 456 1249 504 dubito
1267 486 1280 508 ‚
1321 467 1400 509 quo
1429 455 1585 510 planius
1610 455 1719 498 illum

259 530 426 580 apparet
466 525 518 567 de
549 528 783 580 Democrito
826 539 967 571 errore
1006 539 1101 572 esse
1142 528 1388 570 obstrictum.
1444 519 1719 573 Democritum

256 598 365 640 enim
391 609 478 641 nou
504 604 655 643 tantum
684 601 936 656 nonaginta,
976 600 1050 643 sed
1078 600 1166 657 plus
1195 605 1353 649 centum
1381 610 1512 658 annos
1540 598 1717 643 vivendo

255 671 485 724 explevisse
515 685 604 714 cum
633 687 657 715 a
684 674 926 728 reliquorum
953 674 1189 727 scriptorum
1215 673 1416 728 plerisque
1448 677 1529 715 tum
1559 672 1614 714 ab
1624 673 1716 715 An-

252 743 427 786 tisthene
454 743 615 786 Rhodio
657 744 880 788 Democriti
920 745 1078 801 aequali
1120 744 1223 797 (vid.
1251 743 1483 793 Mullachius
1524 755 1616 799 pagi
1649 744 1712 786 15.

253 819 296 856 et
323 813 415 867 40.)
447 800 553 858 adeo
582 817 865 869 confirmatur,
898 823 941 860 ut
968 818 1019 859 de
1048 819 1126 860 hac
1152 829 1199 860 re
1226 819 1305 860 iam
1332 829 1434 859 ιιοιι
1443 818 1497 859 sit
1525 816 1715 859 dubitan-

252 886 358 931 dum.
415 887 653 932 Nostrorum
697 901 797 932 vero
840 894 1059 932 auctorum
1068 883 1208 932 iidem
1249 888 1481 932 deminuere
1504 888 1717 948 cogamus

248 959 400 1001 frustra
436 965 606 1002 conatus
640 965 713 1002 est.
770 959 1042 1016 Apollodorus
1082 962 1217 1012 enim,
1256 965 1299 1002 ut
1328 952 1475 1002 dictum
1516 949 1712 1014 repetam,

248 1031 477 1085 olympiade
521 1033 773 1087 octogesima
815 1032 1087 1083 Democritum
1133 1034 1267 1076 natum
1311 1031 1440 1084 dicit,
1490 1030 1611 1085 idque
1655 1031 1706 1073 ab

247 1102 337 1155 ipso
382 1102 664 1156 confirmatur,
703 1116 821 1157 quem
867 1104 1133 1157 quadraginta
1173 1104 1290 1145 annis
1336 1104 1585 1158 Anaxagora
1626 1103 1708 1144 mi-

245 1186 388 1216 norem
429 1186 475 1216 se
514 1174 743 1228 professum
786 1186 879 1217 esse
917 1174 1098 1216 Laertius
1138 1174 1208 1216 lib.
1237 1173 1304 1217 lx.
1346 1178 1416 1226 ss.
1446 1173 1514 1216 34.
1561 1159 1603 1216 et
1631 1174 1703 1216 41.

245 1251 440 1288 testatur:
482 1247 564 1289 vid.
594 1248 668 1289 sub
708 1247 827 1289 finem
865 1248 1012 1302 prioris
1048 1247 1164 1289 huius
1202 1246 1442 1301 paragraphi
1467 1246 1705 1300 particulae.

240 1319 420 1374 Utroque
437 1330 537 1360 vero
557 1319 649 1368 loco
665 1330 737 1372 pro
766 1315 1077 1374 τεσσαράκοντα
1104 1318 1322 1374 legendum
1339 1329 1432 1359 esse
1446 1318 1502 1359 ait
1511 1316 1705 1360 Corsinus
1768 1341 1772 1346 .

239 1391 442 1444 τέσσαρσι
485 1392 764 1445 persuasitque
793 1390 979 1431 Harlesio
1018 1389 1191 1431 Fabricii
1228 1389 1327 1431 Bibl.
1360 1390 1503 1432 Graec.
1534 1394 1630 1431 tom.
1655 1388 1703 1431 11.

239 1474 334 1517 pag.
364 1462 460 1505 629.
518 1464 631 1512 Quae
668 1463 855 1516 profecto
896 1461 1004 1503 baud
1040 1462 1096 1503 ita
1126 1473 1274 1515 magna
1302 1465 1366 1503 est
1390 1463 1578 1514 mutatio,
1617 1462 1706 1503 sive

237 1535 495 1577 Democritus
524 1533 589 1586 vel
619 1533 871 1574 librariorum
902 1532 1043 1586 aliquis
1071 1532 1178 1574 hunc
1208 1543 1414 1574 numerum
1441 1532 1565 1586 ipsius
1588 1532 1703 1573 vocis

241 1607 481 1661 compendio
513 1606 646 1660 aliquo
673 1606 941 1658 indicaverit,
981 1607 1069 1647 sive
1097 1607 1216 1659 signo
1248 1605 1524 1659 quodamusu
1554 1604 1706 1647 consti-

240 1683 350 1720 tuto:
388 1683 431 1720 ut
454 1690 528 1733 pro
563 1679 799 1731 τέσσαρσι,
825 1676 919 1730 1111,
948 1677 1013 1718 vel
1045 1674 1081 1717 δ’
1111 1676 1299 1718 librarius
1337 1676 1544 1719 oculorum
1573 1677 1701 1718 aciem

241 1753 374 1793 minus
402 1751 619 1792 intendens
647 1749 804 1803 legeret
830 1748 1170 1805 τεσσαράκοιιτα,
1198 1750 1385 1798 ΔΔΔΔ,
1414 1748 1479 1790 vel
1505 1746 1562 1801 μ’.
1617 1748 1703 1791 Ne-

243 1828 322 1879 que
350 1822 469 1864 talem
510 1833 693 1872 ‚errorem
723 1821 882 1862 Laertio
922 1821 997 1874 ipsi
1033 1821 1226 1875 imputare
1269 1821 1538 1863 dubitaremus
1579 1819 1703 1861 certis

238 1896 443 1949 firmisque
475 1895 721 1949 argumentis
751 1906 802 1943 eo
829 1893 1006 1935 adducti.
1065 1893 1147 1935 Sed
1174 1906 1253 1947 quo
1283 1894 1441 1940 facilius
1469 1898 1531 1935 est
1557 1894 1703 1948 siugu-

236 1967 316 2009 lam
344 1966 556 2009 litterulam
589 1965 737 2008 mendo
780 1965 962 2007 affectam
984 1964 1172 2021 dicere,
1218 1977 1269 2008 eo
1309 1966 1440 2022 magis
1478 1965 1701 2008 cavendum

238 2026 330 2092 est,
372 2052 424 2081 ne
464 2041 569 2080 hanc
612 2038 856 2080 emendandi
900 2038 1098 2079 rationem
1143 2037 1335 2080 temerius
1378 2031 1585 2077 adhibeas.
1656 2036 1700 2079 Si

239 2114 443 2165 τέσσαρσι
472 2123 546 2165 pro
575 2108 888 2163 τεσσαράκοντα
909 2109 950 2150 in
970 2109 1167 2163 Diogenis
1193 2108 1328 2169 verba·
1345 2112 1550 2165 receptum
1578 2111 1704 2160 esset,

239 2183 295 2224 ait
327 2182 549 2233 CorsinuS‚
588 2181 769 2223 Laertius
798 2180 885 2233 ipse
911 2191 1048 2225 secum
1067 2211 1079 2233 ,
1123 2192 1213 2222 cum
1244 2179 1479 2235 Herodoto,
1517 2180 1700 2224 Diodoro

238 2253 407 2307 aliisque
436 2252 701 2307 scriptoribus
730 2252 978 2294 conveniret.
1034 2251 1157 2294 Immo
1186 2252 1273 2307 ipse
1304 2263 1457 2302 secum,
1486 2263 1575 2294 cum
1595 2252 1701 2294 Dio-

242 2326 344 2367 doro
376 2328 604 2378 ceterisque
632 2325 894 2387 scriptoribus
919 2330 1130 2380 pugnaret.
1185 2325 1284 2367 Nam
1315 2325 1559 2366 Herodotum
1600 2325 1700 2366 mis-

243 2408 329 2442 sum
363 2396 499 2450 facio,
545 2396 650 2451 apud
690 2408 806 2450 quem
849 2396 900 2438 de
929 2402 1011 2439 tota
1041 2409 1088 2439 re
1130 2397 1231 2439 nihil
1269 2396 1509 2438 inveniatur.
1567 2392 1703 2452 Atque

239 2459 445 2511 Diodorus
489 2461 650 2523 quidem
695 2481 802 2510 anno
840 2467 938 2511 494.
967 2470 1239 2511 Democritum
1279 2473 1415 2512 natum
1457 2469 1579 2523 dicit,
1619 2482 1701 2512 non

243 2538 340 2584 496.
396 2539 577 2579 Laertius
605 2549 704 2579 vero
736 2538 879 2592 quibus
910 2538 1012 2580 locis
1030 2568 1045 2588 ,
1087 2550 1167 2593 quo
1195 2549 1276 2591 uno
1306 2533 1399 2581 loco
1429 2541 1706 2583 Democritum-

239 2622 349 2654 anno
381 2610 476 2653 496.
505 2615 633 2653 ortum
661 2623 755 2653 esse
784 2611 1016 2654 indicavit?
1071 2611 1127 2653 lta
1156 2613 1287 2666 potius
1319 2612 1526 2669 loquitur,
1564 2618 1608 2657 ut
1646 2614 1698 2657 de

238 2686 444 2737 τέσσαρσι
485 2683 660 2738 legendo
704 2689 915 2727 emunctae
962 2686 1074 2727 naris
1121 2685 1241 2727 bomo
1280 2698 1332 2728 ne
1376 2688 1557 2743 cogitare
1607 2688 1700 2743 qui-

240 2758 331 2800 dem
378 2756 521 2811 possit.
589 2757 665 2807 Qui
704 2759 810 2801 enim
850 2770 997 2801 sensus
1036 2758 1098 2805 his
1136 2760 1177 2800 in
1212 2761 1349 2803 verbis
1392 2762 1568 2804 inesset:
1616 2760 1702 2805 Γέ-

236 2845 330 2884 γονε
361 2831 407 2870 δὲ
438 2834 527 2878 τοῖς
551 2828 754 2883 χρόνοις,
798 2830 854 2880 ὥς
896 2831 1027 2880 αὐτός
1070 2847 1199 2892 φησιν
1241 2833 1286 2875 ἐν
1317 2836 1374 2890 τῷ
1404 2835 1563 2891 Maqut
1593 2838 1702 2878 Am-

235 2901 391 2962 κόσμῳ,
422 2904 511 2954 νέος
541 2900 650 2946 κατὰ
683 2905 924 2960 πρεσβύτην
956 2893 1244 2962 Ἀναξάγόραιν
1270 2902 1409 2948 ἔτεσιν
1437 2902 1572 2949 aalma?
1599 2907 1707 2949 nai-

1677 0 1871 120 Ἴ
