1871 3204
727 116 1090 184 '-99-

203 269 344 323 panos.
375 267 513 310 histor.
535 280 619 322 cap.
643 266 873 318 Vlilssvid.
909 278 1002 321 pag.
1020 267 1099 318 4.),
1130 266 1195 320 qui
1225 264 1487 319 Protagoram
1513 261 1659 303 atheo-

205 352 291 382 rum
321 350 487 382 numero
505 340 696 391 ascribit,
724 343 765 380 ut
793 339 989 383 Eusebius
1018 339 1043 379 Ι.
1075 339 1101 379 l.
1130 343 1171 379 et
1198 337 1442 391 Epiphanius
1472 347 1508 375 c.
1540 335 1659 374 Haer.

203 414 270 455 lib.
301 414 365 455 ΠΙ.
409 419 502 455 tom.
535 414 580 455 ll.
622 425 714 467 pag.
751 412 868 454 1088.
900 410 956 453 B:
1003 409 1299 465 Πρωταγόρας
1339 434 1393 441 —·
1434 404 1549 464 ἔφη,
1596 403 1656 460 μή

205 485 334 535 θεοὺς
361 481 467 527 εἶναι
497 487 604 541 μηδὲ
636 481 748 533 ὅλως
769 481 873 525 θεὸν
902 482 1121 535 ὑπάρχειν.
1178 483 1352 523 loannes
1377 482 1659 524 sarisberien-

204 559 261 599 sis
301 560 442 599 Policr.
474 559 540 599 lib.
575 558 618 596 V.
661 567 746 608 cap.
777 550 840 595 IV.
876 561 969 608 pog-
1000 554 1094 595 261.
1135 554 1199 595 ed.
1243 554 1367 608 Lugd.
1405 554 1488 595 Bat.
1533 552 1652 596 1639.

203 630 447 683 Protagorae
485 630 608 670 libros
654 626 705 668 ab
744 617 1055 686 Athenienffi'us
1094 625 1324 666 combustos
1365 627 1571 679 ipsumque
1613 627 1655 665 in

199 701 357 742 exilium
388 702 547 741 missum
576 702 667 739 esse
699 698 775 748 ait,
803 691 902 749 {aia
922 683 1147 765 Qtasset
1172 709 1222 737 an
1254 697 1304 737 de
1332 698 1420 738 deis
1453 710 1547 738 vera
1580 709 1653 738 es-

198 779 289 814 sent
316 786 418 826 quae
448 773 567 825 vulgo
600 771 842 811 dicerentur.
953 763 956 765 “

738 946 942 981 (urm
968 946 1068 978 111.

306 1055 547 1096 Accedimus
586 1056 637 1097 ad
676 1056 919 1110 Protagorae
958 1056 1141 1096 ethicam.
1198 1055 1259 1094 De
1300 1065 1380 1106 quo
1414 1053 1649 1104 disciplinae

194 1127 280 1168 eius
305 1127 396 1168 loco
433 1129 544 1169 brevi
578 1140 671 1169 esse
710 1129 802 1169 mihi
830 1129 961 1168 ticet:
1003 1127 1247 1180 paucissima
1286 1126 1392 1165 enim
1429 1136 1535 1177 quae
1571 1124 1650 1164 huc

192 1201 419 1251 pertineant
443 1213 494 1240 ex
521 1205 695 1241 veterum
720 1199 878 1252 scriptis
901 1198 1019 1238 nobis
1042 1199 1309 1237 innotuerunt.
1344 1197 1477 1249 Atque
1495 1208 1543 1236 ea
1559 1197 1651 1249 qui-

191 1272 302 1323 dem,
331 1284 432 1324 quae
460 1271 539 1312 hoc
569 1274 699 1325 capite
729 1275 1007 1324 exponentur,
1047 1270 1305 1324 Protagoram
1333 1269 1442 1310 Plato
1484 1268 1647 1323 dialogo

190 1344 420 1397 cognomini
446 1343 715 1396 proferentem
745 1343 853 1383 facit.
1317 1346 1321 1359 ⁴

300 1415 389 1456 Non
418 1416 485 1468 qui
513 1416 687 1456 iucunde
715 1415 823 1465 vivit,
851 1426 902 1455 eo
930 1415 1018 1467 ipso
1052 1415 1156 1454 bene
1185 1416 1294 1466 vivit,
1324 1415 1390 1467 qui
1417 1413 1646 1465 iniucunde‚

189 1486 317 1537 male3
347 1487 420 1527 sed
450 1500 567 1540 quern
599 1487 768 1528 honesta
797 1487 948 1538 iuvant‚>
973 1489 1008 1527 is
1038 1487 1141 1527 bene
1170 1488 1280 1528 vivit.
1310 1486 1413 1527 Prot.
1443 1498 1535 1540 pag.
1552 1486 1645 1527 351.

189 1559 245 1600 B:
293 1556 348 1600 Td
384 1560 462 1611 μὲν
492 1554 575 1612 ἄρα
606 1557 741 1613 ἡδέως
771 1560 844 1613 ζῆν
873 1558 1061 1612 ἀγαθόν,
1091 1558 1135 1599 τό
1156 1561 1203 1599 δ’
1229 1558 1370 1612 αἠδῶς
1394 1556 1542 1609 κακόνς
1572 1556 1645 1599 Εἴ·

188 1646 264 1683 περ
290 1635 375 1679 τοῖς
402 1634 570 1685 καλοῖς,
611 1628 693 1686 ἔφη
720 1631 1073 1687 (Πρωταγόρας),
1106 1628 1189 1687 ζῴη
1219 1628 1434 1683 ἡδόμενος.
1463 1656 1518 1663 -
1555 1632 1645 1672 Νοη

188 1703 314 1752 enIm,'
341 1702 448 1755 quod
478 1702 714 1753 iucundum,
741 1694 901 1754 bonum,
936 1702 1043 1756 quod
1073 1703 1342 1753 iniucundum,
1373 1704 1540 1744 malum:
1569 1703 1644 1743 sed

185 1786 350 1826 eorum,
380 1787 482 1828 quae
513 1780 604 1815 sunt
632 1774 832 1826 iucunda,
868 1775 946 1815 alia
979 1776 1138 1828 quidem
1171 1776 1276 1816 bona
1306 1780 1420 1828 sunt,
1453 1776 1531 1817 alia
1559 1788 1643 1818 non

180 1847 313 1899 bona;
357 1858 600 1900 eorumque,
643 1859 744 1900 quae
772 1851 864 1888 sunt
893 1847 1128 1898 iniucunda,
1172 1848 1248 1888 alia
1281 1848 1383 1889 mala
1414 1853 1532 1900 sunt,
1561 1849 1640 1890 alia

182 1920 313 1970 bona;
359 1924 451 1960 sunt
479 1920 597 1959 etiam
628 1924 669 1959 et
696 1919 956 1959 iucundorum
987 1923 1028 1958 et
1058 1919 1390 1968 iniucundorum,
1428 1932 1531 1973 quae
1559 1932 1640 1960 ne-

188 2004 267 2046 que
308 1992 416 2033 bona
457 1996 550 2033 sunt
590 2003 719 2044 neque
762 1991 877 2035 mala.
945 1991 1037 2045 Pag.
1072 1991 1167 2032 351.
1201 1991 1248 2032 C:
1309 1990 1399 2033 Οὔκ
1442 1986 1563 2046 οἶδα,
1604 1986 1644 2034 ω’

185 2061 421 2117 Σώκρατες,
450 2061 546 2118 ἔφη,
577 2063 718 2111 ἁπλῶς
749 2059 891 2114 οὕτως,
918 2062 975 2110 ὥς
1004 2060 1056 2103 σύ
1085 2064 1255 2118 ἐρωτᾷς,
1289 2063 1329 2104 εἰ
1341 2062 1437 2115 ἐμοὶ
1460 2063 1640 2117 ἀποκρι-

179 2136 273 2176 τέον
304 2136 430 2188 ἐστίν,
462 2134 520 2182 ὥς
548 2132 597 2192 ta}
627 2133 728 2187 ἡδέα
758 2131 975 2187 τεά’γαθά
1006 2136 1115 2176 ἐστιν
1141 2131 1303 2175 ἅπαντα
1334 2136 1405 2176 καί
1436 2133 1486 2175 τὰ
1518 2136 1638 2176 ‹ima-

178 2205 233 2262 ρὰ
264 2206 371 2248 κακοί
389 2224 398 2233 ·
456 2203 563 2248 ἄλλά
592 2222 666 2259 μοι
695 2208 812 2247 δοκεῖ
832 2206 884 2247 ου’
911 2205 1041 2257 μόνον
1068 2206 1173 2260 πρὸς
1202 2207 1278 2260 τήν
1307 2208 1382 2247 νῦν
1410 2206 1634 2261 ἀπόκρισιν

172 2279 274 2336 ,ἐμοὶ
303 2280 616 2336 ἀσφαλέστερον
646 2275 752 2320 εἶναι
784 2273 1112 2334 ἀποκρίνασθαι,
1142 2277 1251 2320 ἀλλὰ
1282 2280 1354 2320 καί
1373 2278 1477 2333 πρὸς
1501 2278 1637 2321 πάντα

175 2350 244 2393 τὸν
281 2347 409 2394 ἄλλον
447 2355 540 2405 βίον
580 2350 650 2394 τὸν
691 2349 820 2403 ἐμόν,
862 2347 928 2392 ὅτι
968 2349 1054 2393 ἔστι
1088 2354 1168 2405 μὲν
1202 2350 1229 2395 ἃ
1270 2353 1353 2394 τῶν
1385 2350 1521 2407 ἡδέων
1560 2348 1636 2394 οῧκ

175 2424 289 2465 ἐστιν
326 2422 493 2477 ἀγαθά,
536 2424 623 2466 ἔστι
655 2425 690 2466 δ’
719 2422 746 2464 ἃ
774 2422 889 2477 ἔστι,
931 2426 1004 2466 καί
1043 2424 1181 2479 τρίτον
1214 2420 1254 2466 ιῘὶ4
1275 2421 1476 2481 οὐδέτερα
1496 2461 1506 2481 ‚
1541 2420 1633 2467 οὔτε

176 2493 283 2536 κακὰ
310 2491 399 2536 οὔτ’
427 2494 584 2548 ἀγαθά.

287 2568 534 2623 Protagorae
563 2566 692 2626 ἀρετή
724 2573 785 2612 est
811 2568 999 2623 πολιτική
1017 2599 1028 2621 ,
1061 2582 1139 2624 qua
1171 2571 1259 2624 quis
1293 2576 1333 2613 et
1361 2571 1479 2613 bonis
1507 2570 1631 2610 mori-

175 2640 253 2682 bus
284 2646 327 2682 et
352 2641 510 2683 idoneis
539 2644 717 2686 scientiis
745 2644 986 2694 instruatur,
1023 2647 1066 2684 ut
1108 2656 1200 2686 cum
1231 2644 1353 2687 rebus
1386 2642 1628 2693 domesticis,

174 2716 257 2756 tum
288 2726 386 2756 vero
412 2714 473 2758 rei
500 2715 683 2769 publicae
713 2716 814 2757 bene
845 2714 1056 2757 consulere
1088 2718 1227 2770 possit.
1284 2717 1515 2768 Unicuique
1546 2713 1628 2755 ho-

177 2788 273 2838 mini
299 2789 443 2830 insitae
470 2794 562 2831 sunt
590 2791 718 2839 αἰδώς
748 2794 787 2831 et
815 2789 923 2840 δίκη,
956 2802 1122 2843 quarum
1152 2803 1293 2833 omnes
1326 2791 1434 2830 cives
1463 2788 1630 2841 partici-

174 2870 253 2911 pes
279 2872 373 2904 esse
399 2862 575 2904 debent:
618 2876 707 2906 nam
749 2863 825 2906 illis
854 2864 1018 2906 remotis
1046 2864 1150 2905 nulla
1181 2865 1320 2904 civitas
1358 2873 1450 2902 esse
1483 2865 1629 2914 potest.
