1871 3204
815 121 1177 167 -16‘2—

265 247 484 291 desultoria
515 249 577 288 illa
607 248 776 297 levitas,
822 258 898 299 qua
928 247 1135 299 sophistae
1168 248 1271 300 apud
1300 248 1501 290 Platonem
1529 262 1617 291 cum
1647 249 1729 291 So-

267 327 379 364 crate
409 322 653 372 disputantes
683 320 741 359 uti
770 319 931 372 solent,
959 319 1023 360 ad-
1041 324 1218 362 veterum
1251 320 1519 375 sophistarum
1540 322 1732 377 >discipu--

265 396 326 436 los
344 394 554 447 praecipue
571 394 782 453 pertineat,
815 394 882 446 qui
899 405 922 434 a
937 405 1130 447 germana
1152 394 1406 448 philosophia
1430 395 1577 437 remoti
1606 396 1728 450 longe

262 468 310 509 ab
341 467 414 506 illis
445 466 658 506 distabant.
1590 466 1593 469 ’

368 538 577 579 Herbstius
607 551 684 593 qua
714 540 778 580 via
808 552 858 581 eo
890 543 1151 593 pervenerit,
1192 544 1234 580 ut
1271 538 1462 581 iudicium
1504 539 1555 580 de
1583 540 1726 580 Prota·

257 622 384 664 gorae
418 611 578 651 dicendi
611 611 800 652 facultate
830 612 954 653 ferret
972 617 1110 653 nostro
1142 611 1401 664 eontrarium,
1429 623 1511 652 uno
1541 611 1725 665 exemplo

256 684 475 725 ostendere
504 683 686 725 sufficiat.
746 684 934 736 „Oder“.,·
960 687 1087 739 inquit
1115 697 1206 738 pag.
1242 683 1344 735 139,
1377 696 1446 736 „er
1478 688 1718 725 antwortete

255 756 358 796 auch
387 757 503 805 (Plat.
533 757 635 797 Prot.
665 756 761 797 332.
791 758 842 807 C)
873 757 945 797 auf
967 757 1111 811 irgend
1138 759 1231 799 eine
1259 757 1460 798 Autoritat
1495 756 1562 797 hin
1603 756 1719 805 (Plut.

253 829 318 869 ed.
350 828 469 869 Frclt.
499 840 591 882 pag.
617 827 782 879 *359.).“
839 829 1013 869 Platonis
1043 829 1168 872 verba
1199 831 1292 873 sive
1315 829 1466 870 inscius
1509 830 1597 869 sive
1627 828 1719 884 data

253 912 377 953 opera
406 913 601 954 perverse
628 902 910 954 interpretatus
938 906 1013 942 est.
1033 895 1145 954 Ἀρά
1170 902 1234 949 τίς
1263 915 1343 954 σοι,
1376 902 1502 955 inquit
1516 902 1720 952 Socrates,

251 975 371 1015 δοκεῖ
393 974 551 1014 ἀδικῶν
581 968 806 1026 ἅνθρωπος
834 978 1096 1029 σωφρονεῖν,
1127 968 1190 1013 ὅτι
1218 971 1380 1024 ἀδικεῖς
1422 974 1720 1028 Αἰσχυνοίμην

250 1044 303 1086 ἄν
331 1043 466 1099 ἔγωγ’,
496 1043 579 1100 ἔφη
611 1045 977 1100 (Πρωταγόρας),
1000 1039 1037 1086 αἶ
1066 1043 1298 1099 Σώκρατες,
1329 1041 1716 1097 τοῦτοὸμολογεῖν,

252 1118 347 1159 ἐπεὶ
373 1120 524 1159 πολλοί
546 1119 593 1172 γέ
621 1133 731 1173 φασι
761 1119 846 1159 τῶν
875 1114 1126 1171 ἀνθρώπων.
1187 1117 1275 1165 Quo
1313 1121 1462 1158 tantum
1501 1117 1637 1166 abest,
1676 1122 1718 1157 ut

249 1189 419 1231 aliorum
463 1192 741 1232 auctoritatem
772 1189 1034 1244 amplectatur
1060 1190 1332 1244 Protagoras,
1377 1194 1419 1230 ut
1458 1201 1569 1230 suam
1607 1189 1717 1244 vulgi

249 1264 428 1316 opinioni
462 1269 661 1317 opponat:
707 1262 800 1305 ἐπεὶ
828 1265 934 1305 enim
964 1268 1026 1304 est
1054 1272 1295 1315 quanquam.
1342 1262 1539 1303 Plutarchi
1580 1267 1713 1303 autem

248 1336 363 1376 locus
396 1337 446 1377 ab
460 1337 648 1378 Herbstio
680 1336 795 1377 fictus
826 1337 1014 1377 videtur:⁴
1034 1348 1124 1377 nam
1156 1347 1286 1388 neque
1314 1336 1458 1388 prioris
1491 1347 1621 1389 neque
1654 1335 1718 1376 al-

256 1411 379 1450 terius
413 1411 627 1452 voluminis
663 1423 755 1465 pag.
784 1410 879 1452 359.
910 1411 1155 1464 Protagorae
1189 1421 1240 1449 ne
1270 1409 1395 1450 verbo
1419 1410 1577 1463 quidem
1605 1422 1724 1451 men-

253 1484 309 1523 tio
341 1483 393 1523 lit.
