1871 3204
775 112 981 179 ..q‘fig
1053 156 1114 165 -..

193 266 359 314 censor,
386 261 475 303 Car.
509 259 615 302 Frid.
644 260 909 311 Hermannus‚
935 260 1003 300 vix
1036 259 1248 313 quicquam
1276 257 1384 310 quod
1414 259 1568 314 magni-
1589 269 1679 299 mo.-

190 334 326 373 mentiv
349 335 458 373 esset:
499 332 688 372 omisisse
725 332 897 373 videtur.
955 331 1089 379 Quare
1126 341 1207 382 ego
1242 341 1403 382 quoque
1428 343 1500 371 —ne
1553 333 1674 373 nimis

196 415 329 446 essem
359 402 501 445 multus
529 404 572 445 in
600 404 769 446 aliorum
798 403 1008 451 sententiis
1048 400 1294 444 illustrandis
1334 413 1385 443 ea
1414 405 1564 445 tantum
1597 416 1668 447 ar.-

197 478 510 532 gumentationis
527 478 793 519 Herbstianae
826 478 956 531 capita
985 476 1227 526 examinavi,
1256 476 1400 527 quibus
1430 477 1543 528 quasi
1572 476 1668 518 fun·-

194 549 391 591 damentis
429 550 617 604 imposita
660 555 745 593 tota
785 551 1022 592 continetur.
1080 547 1290 589 Herbstius
1327 546 1368 588 id
1408 547 1663 601 potissimum

195 624 333 675 egisse
377 623 564 676 videtur,
610 629 653 665 ut
681 636 748 665 res
776 635 907 666 novas
934 623 975 664 in
1013 621 1144 663 lucem
1172 620 1400 674 proferret:
1437 621 1502 663 cui
1531 620 1666 663 studio

193 705 269 736 suo
298 694 407 737 malo
436 695 598 738 nimium
628 696 805 740 indulsit.
832 724 834 726 ·

875 811 916 856 §.
945 805 986 848 6.

303 906 445 947 Mirum
475 907 517 948 in
550 906 712 948 modum
742 906 889 948 factum
912 910 987 956 est,
1019 905 1292 946 utHerbstius,
1314 904 1424 967 yiros
1456 902 1664 956 duoper-

194 977 377 1019 eruditos
419 980 458 1020 in
496 991 660 1020 errores
691 979 914 1020 induceret.
974 978 1068 1032 Pag.
1101 978 1191 1019 100.
1221 981 1327 1018 enim
1359 978 1413 1018 ita
1444 989 1661 1032 argumen...

193 1054 324 1091 tatur:
367 1051 652 1103 „Philostratus
683 1051 736 1091 im
764 1050 902 1091 Leben
931 1050 1003 1090 des
1032 1049 1275 1102 Protagoras
1292 1063 1312 1089 :·
1341 1048 1516 1102 Νήσους
1540 1038 1686 1099 ctas?

192 1121 379 1177 ἠπείρων
408 1124 597 1176 ἀμείβων
638 1125 710 1164 καί
748 1122 824 1172 τὰς
851 1121 1089 1177 Ἀθηναίων
1130 1120 1317 1177 τριήρεις
1346 1119 1665 1177 φυ-λαττόμῃῃος

191 1196 353 1244 πάσαις
402 1195 634 1245 θαλάτταις
675 1198 993 1249 ἑνεσπαρμένας
1039 1197 1194 1237 κατέδυ
1240 1198 1376 1236 πλέων
1417 1195 1461 1235 ἐν
1507 1191 1669 1250 ἄκὰτιῖᾀ

190 1270 331 1325 μικρῷ
357 1294 412 1302 ——
443 1268 698 1324 demzufolge
715 1270 973 1323 Protagoras,
1002 1269 1097 1310 weil
1124 1268 1258 1322 gleich
1287 1271 1424 1323 spiiter
1452 1267 1518 1308 die
1533 1266 1663 1311 Athe,-
1724 1253 1729 1257 ⁴

188 1341 359 1381 nienser
385 1340 452 1381 die
483 1340 793 1381 Seeherrschaft
823 1340 1038 1389 verloren,
1081 1341 1151 1380 mit
1181 1339 1307 1381 durch
1339 1340 1404 1380 die
1434 1339 1665 1380 Hermoka-

188 1412 614 1465 pidenverfolgungen
629 1412 756 1462 (415)
787 1412 874 1452 sein
889 1411 1098 1453 Schicksal
1128 1411 1303 1462 erreicht
1324 1412 1456 1453 haben
1475 1414 1665 1453 miisstefl·

192 1484 280 1533 Qua
300 1485 340 1524 in
358 1497 401 1525 re
418 1489 666 1538 quantopere
684 1484 891 1525 Herbstius
922 1484 1057 1537 lapsus
1089 1489 1199 1525 esset
1226 1486 1433 1537 superiore
1464 1496 1662 1537 paragra-⁹

189 1555 277 1609 pho,
301 1557 474 1602 ostendi.
534 1558 769 1598 Petersenio
810 1561 940 1597 autem
971 1556 1012 1596 id
1044 1556 1149 1596 adeo
1181 1559 1400 1609 persuasit,
1443 1561 1484 1596 ut
1521 1557 1586 1596 hic
1616 1567 1662 1595 re

189 1641 289 1670 vera
313 1641 438 1670 -anno
467 1627 562 1671 415.
594 1634 790 1672 mortuum
820 1630 1081 1683 Protagoram
1122 1634 1317 1671 statueret
1357 1630 1537 1673 addens:
1579 1629 1663 1680 „Da

189 1702 269 1741 mit·
291 1701 428 1743 dieser
454 1702 628 1742 Ansicht
657 1701 743 1743 sich
774 1700 885 1741 nicht
913 1712 989 1741 nur
1020 1700 1084 1741 die
1101 1701 1272 1755 Angabe
1303 1701 1375 1742 des
1391 1701 1664 1751 Philostratus,

191 1774 374 1815 sondern
419 1774 524 1815 auch
568 1774 644 1815 alle
691 1775 862 1827 iibrigen
901 1774 1045 1815 besser
1084 1774 1358 1827 vei-einigen.“
1414 1775 1534 1816 Anno
1565 1774 1664 1817 505.

192 1856 296 1899 ergo
328 1850 494 1896 natum,
538 1843 634 1886 415.
663 1850 856 1885 mortuum
899 1845 1008 1886 dicit.
1067 1845 1147 1886 Sed
1190 1857 1307 1898 quam
1345 1845 1549 1886 nihilisit
1586 1845 1665 1886 ista

188 1918 292 1960 ratio
321 1919 407 1970 ipse
440 1919 619 1958 sentiens
647 1919 747 1958 satis
779 1922 895 1959 caute
924 1918 1094 1959 adiicit:
1135 1919 1275 1970 „Doch
1307 1919 1414 1972 gebe
1441 1918 1506 1958 ich
1533 1930 1664 1972 gerne

190 2002 269 2040 zu,
315 1990 410 2031 dass
456 1990 568 2031 diese
610 1977 834 2044 Rechnung
872 1990 982 2030 nicht
1022 1990 1100 2031 viel
1144 1991 1271 2031 fester
1313 1990 1538 2044 begriindet
1576 1991 1667 2030 ists

190 2063 362 2104 Primum
404 2063 512 2105 enim
553 2075 753 2115 nunquam
796 2063 836 2102 in
873 2074 960 2102 eam
991 2063 1226 2113 incidisset,
1264 2063 1340 2102 nisi
1381 2061 1530 2103 fractas
1570 2074 1666 2102 esse

191 2135 325 2190 paullo
360 2140 450 2189 post
479 2147 627 2176 annum
662 2134 757 2176 415.
817 2134 1121 2178 Atheniensium
1154 2136 1260 2176 vires
1288 2135 1505 2178 maritimas
1534 2135 1668 2177 Herb-

196 2212 295 2250 stius
340 2214 591 2250 commentus
631 2214 752 2249 esset.
811 2209 907 2250 Tum
940 2214 1079 2250 contra
1120 2208 1255 2250 dicunt
1284 2209 1392 2250 Plato
1428 2214 1469 2250 et
1493 2208 1666 2262 Apollo·-

194 2281 350 2335 dorus,
398 2287 586 2324 auctores
622 2282 880 2336 gravissimi,
921 2282 1180 2336 Protagoram
1220 2282 1472 2336 septuaginta
1514 2286 1663 2324 tantum

195 2367 324 2395 annos
354 2357 520 2405 vixisse,
555 2356 668 2395 cuius
697 2356 757 2395 rei
788 2355 917 2408 aliqua
951 2368 1003 2395 ex
1038 2360 1151 2408 parte
1183 2356 1382 2396 Lucienus
1412 2366 1570 2407 quoque
1600 2359 1665 2395 te,-

192 2428 267 2469 stis
301 2432 362 2467 est
390 2429 428 2468 in
457 2427 675 2471 Macrobiis
707 2427 966 2481 Protagoram
994 2439 1074 2468 non
1108 2439 1348 2469 memoranS.
1381 2427 1495 2472 Conf.
1528 2427 1570 2472 C.
1599 2428 1663 2471 Fr.

193 2500 446 2541 Hermannus
477 2501 501 2540 l.
529 2500 554 2540 l.
586 2512 675 2553 pag.
696 2500 794 2541 365.
852 2501 910 2541 Ne
939 2501 1072 2553 plura.
1103 2501 1325 2541 Petersenii
1352 2502 1552 2543 sententia
1582 2500 1664 2542 dis-

198 2572 440 2614 ficultatibus
469 2584 564 2624 quas
595 2572 738 2613 tollere
768 2573 834 2612 vix
862 2573 995 2625 possis
1022 2572 1274 2625 impedimur.

297 2644 564 2687 Nihilominus
594 2645 800 2699 Kayserus
831 2641 1020 2687 Philostr.
1047 2647 1112 2687 vit.
1141 2644 1411 2698 sophistarum
1438 2658 1530 2700 pag.
1564 2645 1661 2689 202.

185 2721 228 2760 in
260 2718 433 2759 eandem
462 2716 551 2756 lere
580 2717 608 2756 it
636 2719 904 2759 sententiam:
950 2718 1226 2771 „Pythodoius
1267 2722 1354 2759 erat
1390 2719 1430 2758 in
1463 2717 1661 2770 quadrin—

184 2791 319 2844 gentis
349 2794 452 2830 teste
479 2788 598 2840 Diog.
628 2788 757 2830 Laert.
786 2790 854 2830 lib.
884 2789 952 2834 IX.
988 2795 1025 2841 §.
1052 2788 1120 2830 54.
1177 2789 1275 2834 Inde
1307 2795 1439 2830 tamen
1473 2800 1559 2831 non,
1597 2789 1659 2832 ef-

179 2862 339 2913 ficitur,
381 2861 491 2916 quod
531 2859 743 2902 Herbstius
783 2861 890 2913 vult,
933 2862 1192 2916 Protagoram
1236 2861 1396 2908 demum
1421 2859 1483 2903 01.
1513 2857 1579 2907 94.
1617 2862 1661 2916 2,
