1871 3204
781 174 837 181 -.
892 146 1010 195 ,150
1085 172 1139 181 -

229 283 438 320 tractatum
455 276 517 316 vel
539 275 746 327 discipulis
764 278 805 316 ut
819 277 1038 318 tractarent
1054 271 1312 331 propositum.
1340 275 1560 331 Protagora
1577 279 1688 318 certe

226 352 343 392 talem
373 350 480 389 litem
512 347 753 389 Welekerus
783 359 873 402 pag.
905 348 971 390 28.
1002 354 1139 393 annot.
1157 350 1223 390 70.
1257 349 1406 401 optimo
1437 342 1524 398 iure
1550 346 1689 390 censet

224 406 456 475 indignam}
488 432 605 474 quam
623 422 686 462 'ab
720 420 824 462 illius
853 422 1015 463 ratione
1042 423 1207 475 prorsu's
1239 420 1459 463 abhorrere
1478 426 1570 475 pag.
1596 420 1686 462 ¹65.

223 499 262 535 et
295 493 386 535 166.
420 493 773 537 demonstrabitur.
806 494 866 535 De
883 494 986 536 libro
1000 494 1260 548 Protagorae,
1287 494 1351 547 qui
1380 493 1533 548 aDiog.
1553 493 1684 551 Laert.

217 566 286 629 [ιιι.
305 564 374 608 ΙΧ.
393 572 431 619 §.
446 566 513 609 55.
529 567 898 626 ιιοιιιίιιιιῑιιιΔίκη
919 563 1053 622 ὑπὲρ
1076 583 1106 619 μ
1122 581 1169 607 ισ
1183 567 1246 607 θο
1260 567 1301 617 ῡ,
1328 565 1432 608 infra
1451 559 1683 608 disseretur.

243 632 249 642 '
328 640 502 683 Dicendi
531 641 769 684 sollertiam
779 647 821 684 ut
849 653 939 683 eum
968 642 1171 695 discipulis
1206 641 1551 692 communicaret,
1593 652 1683 682 cum

213 712 467 752 institutione
500 712 671 766 quadam
700 723 816 767 quam
850 712 1019 753 dicimus
1048 710 1312 754 theoreticam
1344 711 1484 753 multas
1509 711 1684 752 coniun-

214 786 341 839 gebat
381 778 713 826 exercitationes.
770 785 868 827 Nam
907 785 1005 825 nihil
1043 798 1136 826 esse
1177 787 1313 827 dicere
1352 785 1510 826 solebat
1550 797 1682 838 neque

215 859 341 903 artem
356 856 459 897 sine
489 856 784 897 exercitatione
823 866 954 910 neque
985 839 1325 901 εκειῧῇῗᾶυιιθιιι
1348 858 1435 898 sine
1463 860 1548 897 arte
1577 855 1680 907 (vid.

216 940 310 981 pag.
329 927 458 978 169.)
491 928 548 969 lta
570 930 812 970 sententiam
833 929 1002 982 aliquam
1035 906 1239 982 discl‘fiulis
1269 930 1532 984 proponebat,
1564 941 1680 982 quam

212 999 417 1055 colloquio
433 1000 610 1041 instituto
628 1001 743 1042 alteri
759 999 1043 1042 confirmarent
1061 1013 1109 1042 ac
1125 1001 1403 1053 defenderent,
1418 1001 1560 1042 alteri
1550 1012 1679 1054 impu-

213 1079 387 1127 gnarent
416 1078 456 1114 et
482 1074 726 1116 refellerent.
767 1075 911 1115 Suidas
934 1088 971 1115 v.
989 1075 1293 1127 Πρωταγόρας·
1327 1076 1512 1126 Πρῶτος
1544 1066 1681 1115 danv-

213 1159 281 1192 τος
311 1143 409 1194 τούς
436 1144 673 1200 ἐριστικοὺς
693 1143 840 1202 λόγους
875 1139 976 1201 εὗρε
1005 1146 1079 1186 καί
1108 1144 1250 1201 α’γῶνα
1280 1143 1413 1199 λόγων
1444 1143 1685 1201 ἑποιήσατιι,

218 1219 328 1272 quod
340 1224 472 1260 estex
491 1219 610 1273 Diog.
625 1220 693 1260 lib.
708 1220 779 1260 lX.
800 1227 835 1270 §.
854 1221 934 1261 52.
950 1220 1029 1261 Cfr.
1045 1219 1265 1260 Eudocial.
1283 1220 1307 1259 Ι
1325 1224 1366 1260 et
1381 1214 1514 1260 schol.
1528 1219 1577 1259 ad
1590 1219 1684 1259 Plat.

212 1290 327 1344 Reip.
345 1290 413 1332 lib.
425 1291 475 1334 Χ.
495 1301 587 1346 pag
597 1292 697 1334 600.
717 1291 760 1332 C.
790 1290 966 1341 Quibus
957 1304 996 1333 ιιι
1013 1289 1371 1333 exercitationibus
1388 1303 1556 1346 magnus
1585 1303 1681 1332 usus

210 1369 299 1405 erat
327 1364 392 1404 th
399 1376 493 1405 ese
508 1377 532 1405 o
547 1376 587 1416 n,
618 1367 906 1416 sententiarum
922 1363 1230 1416 universalium,
1237 1366 1288 1405 de
1309 1366 1477 1418 quibus
1467 1377 1507 1405 ιιι
1526 1369 1679 1405 utram-

212 1447 291 1491 que
339 1441 492 1490 partem
537 1437 730 1491 disputari
773 1435 939 1492 posset=
988 1438 1108 1492 Diog.
1152 1438 1283 1479 Laert.
1323 1437 1389 1482 lib.
1418 1437 1485 1479 lX.
1528 1437 1676 1495 §.52st

213 1508 310 1551 Koa·
337 1512 505 1563 πρῶτος
531 1512 742 1560 κατέδειξε
767 1509 845 1558 τὰς
874 1510 980 1563 πρὸς
1009 1508 1085 1559 τὰς
1111 1512 1252 1557 θέσεις
1271 1509 1595 1563 ἐπιχειρήσεις,
1623 1505 1681 1557 ὥς

213 1595 346 1637 φησιν
379 1572 690 1636 Ἀρτεμίδῳρὸς
727 1577 749 1622 ὁ
787 1579 1054 1631 διαλεκτικὸς
1092 1582 1135 1623 ἐν
1175 1581 1233 1637 τσῦ
1264 1580 1373 1636 ’πρὸς
1412 1579 1678 1635 Χρύσιππον.

210 1655 278 1696 De·
301 1654 480 1696 thesibus
508 1655 633 1698 conf.
659 1655 743 1698 Cic.
780 1656 878 1709 Top.
911 1667 997 1709 cap.
1028 1654 1133 1696 XXl.
1172 1660 1212 1705 s.
1244 1655 1321 1696 79:
1366 1655 1677 1715 „Quaestionum

213 1727 293 1769 duo
324 1732 417 1771 sunt
445 1738 627 1783 genera,
659 1728 825 1777 alterum
854 1728 1071 1781 infinitum,
1092 1728 1294 1769 delinitum
1325 1728 1506 1771 alterum.
1562 1728 1676 1770 Defi-

210 1801 335 1842 nitum
363 1806 440 1853 est,
468 1801 575 1854 quod
607 1800 815 1845 ὑπόθεσιν
831 1802 991 1853 Graeci,
1020 1813 1096 1842 nos
1112 1814 1302 1842 causam·
1333 1801 1539 1853 infinitum,
1568 1801 1675 1855 quod

208 1872 330 1914 θέσιν
357 1872 412 1915 illi
441 1874 653 1927 appellant,
683 1884 760 1914 nos
790 1874 1269 1927 propositumpossumus
1285 1874 1507 1915 nominare.
1545 1873 1674 1915 Gausa

213 1946 335 1986 certis
363 1947 566 2000 personis,
590 1947 711 1999 locis,
740 1936 1001 2000 temporibus,
1032 1947 1270 2000 actionibus,
1297 1947 1472 2000 negotiis
1503 1948 1717 1988 cernitur-

213 2024 281 2059 aut
311 2020 352 2059 in
382 2021 568 2061 omnibus
602 2024 669 2061 aut
701 2021 741 2061 in
766 2019 967 2073 plerisque
1000 2032 1165 2061 eorum:
1196 2021 1442 2072 propositum
1477 2024 1606 2061 autem
1636 2020 1676 2061 in

210 2092 342 2147 aliquo
375 2104 515 2141 eorum
545 2097 613 2149 aut
652 2094 695 2135 in
723 2093 933 2146 pluribus,
972 2106 1050 2135 nec
1089 2098 1220 2136 tamen
1262 2093 1303 2145 in
1342 2094 1537 2144 maximis.
1594 2093 1679 2141 lta-

212 2177 291 2219 que
338 2166 585 2226 propositum
623 2175 722 2231 pars
764 2168 834 2207 est
870 2154 1058 2233 causaef‘
1124 2147 1251 2229 Quem
1291 2164 1345 2206 ad
1375 2165 1510 2206 locum
1527 2166 1679 2238 respi-

212 2239 269 2280 cit
291 2238 480 2288 Quintil.
511 2236 585 2283 tib.
615 2235 681 2283 111.
728 2243 815 2290 cap,
823 2232 889 2279 V
935 2243 970 2288 §.
1000 2227 1053 2278 5·
1109 2236 1227 2289 „ltem
1271 2238 1493 2287 convenit,
1511 2233 1677 2292 quae-

211 2311 365 2352 stiones
402 2320 499 2352 esse
539 2314 606 2360 aut
648 2309 821 2351 infinitas
865 2314 932 2366 aut
971 2309 1366 2351 finitas.1nfinitae
1405 2314 1504 2367 sunt
1516 2340 1528 2362 ,
1574 2320 1677 2365 quae

210 2384 377 2432 remotis
414 2383 621 2436 personis
653 2387 695 2424 et
742 2370 989 2436 temporibus
1038 2387 1078 2424 et
1116 2382 1219 2424 locis
1261 2383 1487 2436 ceterisque
1530 2383 1674 2425 simili-

210 2456 287 2510 bus
327 2455 369 2496 in
405 2459 612 2511 utramque
651 2459 803 2510 partem
842 2458 1092 2507 tractantur,
1138 2453 1245 2509 quod
1275 2454 1422 2496 Graeci
1451 2456 1573 2498 θέσιν
1611 2455 1675 2497 di-

213 2532 334 2580 cunt,
365 2528 507 2569 Cicero
538 2529 785 2582 propositum
803 2557 817 2578 ‚
853 2528 920 2570 alii
948 2529 1210 2582 quaestiones
1236 2515 1488 2569 universales
1518 2528 1673 2580 civileS,

208 2601 275 2643 atii
308 2601 568 2656 quaestiones
596 2600 837 2656 philosopho
879 2601 1208 2654 convenientes.“
1241 2626 1293 2634 -
1336 2597 1512 2653 „Finitae
1541 2603 1673 2642 autem

210 2679 302 2715 sunt
328 2686 382 2715 ex
412 2672 623 2726 complexu
650 2667 784 2714 rerum
802 2704 815 2725 ,
855 2682 1144 2726 personarum,
1174 2677 1391 2725 temporum
1423 2660 1676 2714 ceterorum-

209 2757 314 2800 que:
346 2740 425 2787 liae
451 2744 677 2795 ὑποθέσεις
707 2758 731 2787 ιι
761 2745 929 2789 Graecis
960 2746 1157 2796 dicuntur,
1190 2758 1338 2787 causae
1365 2757 1386 2786 a
1414 2745 1575 2788 nostris.
1634 2746 1676 2787 ln

204 2819 271 2864 his
303 2820 432 2863 omnis
456 2818 663 2873 ,quaestio
704 2820 861 2878 videtur
887 2820 1006 2878 'circa
1042 2811 1111 2859 res
1151 2819 1427 2876 personasque
1471 2817 1674 2860 consista-

202 2902 262 2934 re.
319 2891 500 2946 Amplior
530 2896 595 2935 est
624 2902 787 2945 semper
817 2892 968 2934 infinita
979 2894 995 2932 ἐ
1034 2891 1130 2933 inde
1161 2892 1281 2933 etiam
1313 2872 1431 2952 fi'n‘ita
1451 2891 1671 2934 deseendit.
