1871 3204
692 162 755 172 -
829 134 916 181 123
992 154 1049 167 -ε

160 259 334 307 Quorum
363 261 564 314 utriusque
597 260 803 312 dictorum,
833 266 873 302 et
892 261 1028 303 Pittaci
1057 256 1242 314 χαλεπὸν
1269 257 1392 302 ἐσλὸν
1420 257 1598 313 ἔμμεναι

156 335 196 372 et
231 332 353 386 ipsius
379 333 592 376 Simonidis
622 328 739 388 ἄνδρ’
766 331 930 387 ‹lya-‘Iov
957 333 1146 382 ἀλαθέως
1175 334 1369 387 γενέσθαι
1395 329 1598 386 χαλεπόν,

157 409 377 458 quanquam
405 405 874 456 eademestvsententia,
907 411 1036 448 tamen
1068 407 1253 447 Pittacum
1270 407 1495 447 Simonides
1524 416 1596 445 re-

156 477 366 530 prehendit
387 479 457 532 vqui
485 477 562 518 οὐκ
587 479 795 529 ἐμμελέως
826 468 1004 518 dixerit(
1036 478 1123 518 Non
1165 479 1285 530 igitur
1322 476 1403 518 sibi
1438 481 1598 518 constat

159 553 292 601 poeta,
322 550 385 602 qui
415 550 545 592 medio
573 549 751 588 carmine
778 553 922 588 statuat
950 549 1055 601 quod
1086 550 1208 601 priori
1239 550 1413 590 eiusdem
1444 550 1593 590 carmi-

151 621 213 660 nis
241 620 332 661 ioco
358 607 565 674 repugnet.
596 620 807 671 -·Atque
835 619 1022 660 Socrates
1053 619 1207 672 quidem
1237 632 1311 673 qua
1342 622 1379 661 in
1409 634 1451 661 re
1474 632 1593 661 erra-

153 693 255 735 verit
284 692 537 746 Protagoram
568 691 735 732 edocet:
766 691 1005 733 Simonidem
1034 693 1138 733 enim
1168 693 1301 734 dicere
1328 691 1486 746 ἀγαθὸν
1514 708 1590 746 γε-

153 754 365 815 νέσθαι,
398 764 583 814 Pittacum
614 761 861 817 ἔμμεναι,
890 776 993 818 quae
1022 766 1054 806 si
1085 765 1241 820 quidem
1270 776 1350 806 non
1382 765 1588 805 idem‘va-

149 834 284 885 leant,
324 847 404 876 non
444 836 642 876 contraria
686 836 791 889 toqui
822 838 1075 878 Simonidem.
1131 838 1242 879 Hanc
1277 839 1379 878 enim
1418 839 1589 878 sortasse

152 906 276 947 fuisse
318 908 403 947 eius
440 909 701 949 sententiam:
744 908 850 948 Fieri
888 910 1043 962 quidem
1081 910 1207 950 virum
1247 910 1391 950 bonurn
1431 909 1589 961 difficile

153 988 270 1026 esse3
313 978 384 1018 scd
429 979 461 1018 si
500 980 584 1032 quis
615 980 795 1020 virtutem
829 981 948 1020 semei
980 986 1186 1021 assecutus
1225 982 1302 1030 sit,
1337 985 1430 1020 tunc
1467 980 1590 1032 facile

153 1059 246 1089 esse
288 1050 486 1104 negotium
525 1052 631 1092 iiiam·
657 1065 874 1093 exercere:
913 1058 953 1093 ut
981 1053 1178 1099 Hesiodus
1209 1053 1315 1093 dicat
1343 1053 1438 1105 (Op.
1468 1056 1507 1092 et
1538 1052 1587 1092 D.
1643 1093 1659 1105 ξ,

149 1134 186 1163 ν.
220 1123 308 1163 287.
333 1128 380 1185 ⁴et
408 1137 443 1177 q.
474 1132 633 1179 seqq.):

285 1197 367 1249 Τῆς
400 1197 435 1236 δ’
467 1197 616 1250 ἀρετῆς
645 1194 800 1249 ἱδρῶτα
831 1196 923 1238 θεοῖ
951 1194 1240 1249 προπάροιθεν
1265 1194 1420 1249 ἔθηκαν

278 1265 493 1319 ἀθάνατοι,
523 1266 682 1321 μακρὸς
715 1269 761 1310 δὲ
790 1269 861 1309 καί
890 1263 1035 1320 ὄρθιος
1064 1263 1180 1319 οἶμος
1207 1270 1270 1310 ἐπ’
1299 1263 1430 1322 αὖτὴν

275 1342 347 1381 καί
372 1339 530 1393 τρηχιῖς
558 1339 602 1381 τὸ
629 1347 801 1393 πρῶτον·
858 1338 961 1393 ἐπῆν
989 1340 1029 1381 δ’
1054 1341 1113 1388 εἰς
1140 1336 1267 1391 ἄκρον
1295 1341 1445 1394 ἵκηται,

276 1412 417 1468 ῥηϊδίη
449 1409 498 1466 δή
530 1409 673 1453 ἔπειτα
703 1414 828 1467 πέλει,
854 1411 1017 1471 χᾳλεπή
1044 1427 1120 1465 περ
1153 1413 1296 1454 ἐοῦσα.

147 1485 272 1533 Quam
302 1484 606 1537 expiicationem
638 1485 791 1537 partim.
816 1496 950 1525 veram
984 1497 1075 1525 esse
1111 1486 1250 1538 partim
1283 1477 1420 1525 salsam
1457 1484 1587 1523 nemi-

147 1569 236 1597 nem
267 1556 379 1611 sugit.
435 1556 560 1596 Etiam
588 1557 827 1610 Protagoras
866 1558 1128 1610 posteriorem
1158 1559 1244 1598 eius
1282 1561 1430 1610 partem
1462 1557 1589 1596 vehe-

145 1634 300 1669 menter
325 1630 551 1681 impugnat:
590 1627 841 1669 rudissimum
871 1634 963 1669 esse
991 1620 1145 1682 poetam
1166 1661 1177 1680 ‚
1221 1630 1284 1681 qui
1318 1630 1369 1669 ad
1404 1629 1586 1676 virtutem

88 1752 92 1754 μ
145 1700 412 1741 exercendam
441 1704 517 1741 tarn
549 1700 695 1754 exiguo
726 1699 863 1741 labore
893 1712 991 1754 opus
1019 1713 1110 1741 esse
1142 1701 1262 1751 dicat,
1293 1713 1382 1741 curn
1412 1701 1463 1741 sit
1496 1712 1587 1741 om·-

149 1773 255 1813 nium
288 1762 565 1813 difficillimum.
604 1773 734 1821 Quare
747 1773 948 1825 Socrates,
979 1777 1021 1814 ut
1051 1773 1166 1814 aiiam
1194 1774 1296 1813 viam
1327 1772 1586 1826 ingrediatur,

148 1846 319 1887 fortasse
350 1850 390 1886 et
419 1845 658 1887 Simonidem
690 1850 729 1886 et
744 1846 848 1887 Ceos
876 1857 1016 1887 omnes
1043 1847 1096 1886 ait
1123 1844 1308 1898 χαλεπόν
1337 1846 1475 1886 dicere
1500 1857 1581 1889 non

148 1919 252 1971 quod
284 1919 407 1961 ceteri
438 1919 595 1966 Graeci,
623 1918 695 1958 sed
724 1919 827 1958 idem
857 1918 941 1957 fere
973 1918 1085 1972 quod
1108 1917 1255 1959 κακόνε
1288 1922 1330 1958 ut
1358 1917 1585 1959 Simonides

147 1992 333 2032 Pittacum
367 1991 665 2044 reprehenderit
694 1990 805 2044 quasi
833 1989 958 2031 κακὸν
996 1988 1118 2032 ἐσλὸν
1157 1987 1334 2042 ἐζιιμεναι
1368 1991 1583 2033 statuisset.

144 2062 195 2103 Et
220 2063 364 2115 prioris
395 2067 435 2103 et
461 2054 576 2103 huius
607 2062 905 2115 explicationiS‚
948 2073 1048 2114 quae
1076 2073 1202 2114 paene
1232 2061 1349 2102 viiior
1378 2066 1439 2101 est
1466 2073 1583 2113 qaam

144 2135 272 2188 qualis
299 2134 363 2175 vel
390 2135 538 2191 iocanti
569 2135 843 2184 condonetur,
871 2135 1020 2176 socium
1053 2134 1171 2175 habet
1199 2133 1420 2185 Prodicum,
1450 2134 1516 2187 qui
1546 2138 1586 2174 et

143 2207 303 2249 omnino
319 2206 487 2260 amicius*
499 2219 585 2247 cum
598 2208 765 2248 Socrate
793 2208 952 2248 vivebat
981 2212 1021 2247 et
1046 2209 1086 2247 in
1115 2207 1306 2247 similibus
1333 2206 1581 2259 diversarum

143 2292 284 2321 vocum
313 2263 541 2321 notionibus
585 2272 861 2321 discernendis
900 2293 1059 2335 operam
1097 2280 1284 2322 navabat.
1337 2280 1469 2333 Atque
1505 2291 1584 2333 po-

133 2353 352 2403 steriorem
382 2352 519 2396 salsam
546 2363 636 2393 esse
663 2351 866 2406 sophistae
893 2355 1079 2396 Socrates
1108 2354 1295 2394 concedit
1323 2358 1363 2394 et
1388 2354 1514 2407 ipsum
1547 2357 1587 2392 et

141 2424 350 2466 Prodicum
380 2426 535 2467 ioc'atos
558 2437 655 2466 esse
683 2424 866 2477 addens3
909 2430 988 2467 tum
1029 2434 1127 2467 vero
1175 2426 1268 2479 quid
1296 2426 1372 2467 sibi
1401 2426 1583 2467 videatur

142 2497 193 2537 de
233 2501 319 2538 toto
359 2499 535 2539 carmine
578 2499 679 2539 bona
718 2497 795 2538 fide
827 2499 860 2538 si
904 2499 1069 2551 placeat.
1087 2498 1372 2552 explicaturum
1410 2510 1455 2539 se
1485 2509 1582 2550 pro-

146 2569 278 2611 fessus
325 2571 463 2611 mirum
512 2571 615 2612 ilium
662 2569 810 2624 profert
855 2578 1079 2611 sermonem
1101 2600 1114 2623 ‚
1161 2583 1240 2625 quo
1288 2572 1584 2624 interpretatio-

140 2654 233 2682 nem
270 2645 312 2682 et
348 2644 467 2683 totius
509 2644 693 2684 carminis
735 2647 773 2683 et
812 2643 1054 2695 singularum
1097 2645 1378 2685 sententiarum
1411 2643 1580 2682 maxima

141 2725 194 2755 cx
234 2717 344 2768 parte
375 2715 647 2769 pravissimam
687 2727 773 2756 cum
813 2710 1060 2757 auditoribus
1098 2716 1372 2758 communicat.
1426 2713 1578 2753 Prooe-

141 2788 219 2826 mio
263 2789 361 2829 satis
408 2783 574 2840 copio'so
617 2791 798 2842 antiquos
844 2789 1044 2841 sophistas
1088 2791 1254 2831 maxime
1296 2786 1580 2840 brachylogiae

140 2856 591 2904 Laconicae'studuisse
620 2863 684 2905 ait.
739 2859 926 2904 Eiusdem
954 2863 1117 2917 generis
1147 2861 1266 2903 fuisse
1294 2860 1411 2900 etiam
1445 2858 1581 2900 Pittaci
