1871 3204
851 152 905 163 —
977 147 1050 173 vm
1121 154 1182 163 -—

285 275 390 305 sum
443 275 698 324 aggressus.
781 260 898 307 Rem
937 270 1089 307 totam
1139 261 1269 308 enim
1314 258 1376 307 de
1423 260 1609 325 integro
1645 269 1744 309 tra-

287 352 420 388 ctans
472 350 686 387 veterum
741 343 861 389 locis
917 360 1066 407 qnam
1121 343 1487 406 diligentissime
1539 343 1780 397 excussis,

285 434 431 488 atque
477 424 730 487 perpensis
773 435 821 471 et
856 442 987 472 meas
1022 426 1222 490 exposui
1253 426 1514 476 sententias
1544 434 1592 472 et
1625 426 1745 473 alio-

283 525 389 553 rum
421 506 560 553 falsas
596 518 810 556 evertere
840 519 1042 556 conatus
1077 526 1200 556 sum.
1272 508 1380 569 Qua
1418 508 1467 554 in
1503 525 1554 555 re
1589 518 1637 555 et
1658 526 1745 558 eo-

284 607 388 635 rum
426 606 554 653 quos
589 591 742 638 modo
780 594 1048 639 memoravi
1085 602 1132 638 et
1166 592 1370 638 aliorum
1417 591 1501 655 qui
1549 592 1597 638 in
1639 592 1743 655 ipsa

280 673 697 719 commentatione
742 675 839 719 suis
882 674 1000 720 locis
1031 674 1158 719 allati
1201 683 1329 719 sunt·
1362 675 1496 720 libris
1530 666 1743 736 quanto-

281 769 400 816 pere
444 755 587 801 etiam
624 754 709 801 ubi
747 753 996 801 refellendi
1029 755 1095 801 illi
1132 763 1290 801 essent
1331 753 1394 801 ad
1431 770 1597 801 verum
1630 771 1744 818 per-

278 836 584 897 spiciendum
623 836 707 882 via'
732 837 853 882 mihi
890 837 1075 883 munita
1107 837 1168 882 sit
1201 837 1298 882 hoc
1331 836 1440 882 loco
1476 845 1635 882 tacere
1664 852 1743 882 re-

279 919 449 982 ligioni
485 919 732 965 haberem.
813 919 1043 967 Maximas
1078 936 1192 966 vero
1227 919 1400 981 gratias
1435 918 1596 966 habeo
1631 919 1744 966 viris

280 1002 405 1062 iuis,
454 1018 666 1064 quorum
711 986 1017 1048 institutione
1065 1002 1137 1047 vix
1183 1003 1447 1065 quicquam
1497 1010 1569 1047 est
1604 1000 1742 1064 quod

283 1087 518 1130 maiorem
564 1085 685 1130 mihi
721 1085 820 1130 sive
853 1084 1110 1130 utilitatem
1148 1085 1360 1130 attulerit
1393 1086 1491 1130 sive
1520 1085 1743 1147 volupta-

278 1178 403 1214 tem:
437 1167 743 1213 Welckerum
781 1167 894 1214 dico
918 1167 1310 1230 etDRitschelium.
1357 1166 1392 1213 Ii
1430 1166 1575 1220 enim,
1612 1183 1739 1230 quae

280 1260 351 1295 est
393 1251 612 1312 ipsorum
657 1250 936 1296 hnmanitas
988 1250 1217 1295 omnibus
1271 1258 1556 1312 comperta,
1604 1250 1739 1295 libris

278 1349 467 1379 summa
528 1349 637 1378 cum
694 1332 982 1379 liberalitate
1039 1331 1358 1395 suppeditatis
1413 1333 1464 1378 in
1523 1333 1738 1379 conscri-

277 1415 444 1461 bendo
482 1416 578 1461 hoc
613 1415 777 1460 libello
827 1432 975 1490 quam
1011 1415 1389 1477 plurimum.me
1434 1402 1736 1461 adiuverunt.

278 1498 437 1559 Atque
471 1496 709 1542 Welckeri
760 1497 1043 1542 auctoritate
1079 1505 1127 1541 et
1162 1497 1336 1543 eximia
1370 1513 1480 1560 erga
1526 1513 1605 1542 me
1650 1497 1739 1543 be-

279 1579 555 1625 nevolentia
597 1579 740 1625 etiam
778 1579 956 1626 factum
993 1589 1087 1640 est,
1131 1588 1185 1625 ut
1229 1579 1444 1626 libellum
1489 1579 1541 1626 in
1577 1581 1736 1627 lucem

276 1661 421 1715 cdere
456 1678 666 1725 possem.

412 1744 635 1791 Ceterum
673 1746 794 1806 quin
814 1745 1024 1790 futurum
1056 1746 1117 1790 sit
1140 1754 1193 1790 ut
1211 1762 1299 1806 ego
1325 1762 1527 1807 quoque
1557 1762 1732 1807 parum

273 1827 568 1890 praestitisse
598 1814 780 1887 videa&
817 1844 1127 1890 nequaquam
1165 1826 1354 1874 dubito.
1401 1828 1451 1875 Si
1475 1829 1585 1891 quis
1619 1845 1733 1875 vero

275 1909 403 1956 hanc
418 1909 885 1956 commentationem
904 1908 1097 1972 dignam
1120 1919 1311 1957 censeat
1330 1927 1455 1973 quae
1469 1912 1735 1979 accuratius

275 1994 593 2053 examinetur,
628 2009 737 2038 eum
776 2002 995 2056 rogatum
1028 1993 1189 2054 velim,
1224 2003 1276 2039 ut
1311 1994 1596 2056 opusculum
1621 2009 1734 2045 „csse

273 2085 436 2122 teneat
470 2074 744 2121 studiorum
782 2091 1005 2121 meorum
1044 2075 1255 2137 primum
1302 2076 1550 2137 specimen
1599 2076 1733 2122 inve<-

274 2158 451 2205 nilibus
488 2158 631 2204 etiam
670 2157 853 2204 viribus
887 2166 1163 2220 susceptum
1199 2174 1301 2203 non
1323 2166 1421 2203 tam
1447 2156 1734 2220 perficiendi

272 2257 356 2303 spe
393 2257 540 2304 quam
580 2239 865 2303 experiundi
901 2240 1164 2285 voluntate.
1213 2242 1414 2287 Prorsus
1443 2240 1573 2286 enim
1609 2241 1732 2287 mihi

273 2323 574 2383 satisfecero,
621 2323 659 2368 si
698 2339 845 2384 quem
889 2330 937 2367 et
971 2321 1165 2384 ingenio
1198 2330 1245 2367 et
1277 2321 1500 2368 doctrina
1537 2339 1615 2368 me
1649 2337 1732 2368 su-

272 2405 515 2467 periorem
555 2404 893 2467 temporisque
929 2393 1157 2466 angustiis
1189 2404 1349 2450 minus
1369 2404 1636 2453 coercitum
1654 2405 1731 2451 his

271 2488 643 2550 quaestionibus
698 2486 967 2532 excitavero
1017 2485 1079 2531 ad
1128 2488 1439 2550 Protagoram
1489 2487 1625 2535 omni
1673 2503 1730 2534 ex

270 2579 408 2634 parte
445 2587 499 2616 ea
535 2587 631 2633 qua
662 2569 835 2633 dignus
871 2577 943 2615 est
971 2569 1077 2615 luce
1109 2560 1487 2618 illustrandums

365 2683 544 2747 Scripsi
575 2684 770 2731 Bonnae
796 2682 1020 2731 Kalendis
1037 2682 1216 2730 Martiis
1248 2684 1362 2730 anni
1390 2683 1725 2734 MDCCCXLV.
