1871 3204
722 120 1081 175 -152-

175 242 365 291 ciendum
396 247 562 284 necne.“
619 242 798 284 Tractari
830 254 929 283 vero
959 247 1128 295 possunt
1157 242 1511 295 autdisputatione
1540 252 1643 283 con-

174 315 350 370 scripta,
391 315 435 362 ut
470 325 736 367 quaecunque
776 314 816 355 in
847 314 1053 369 utriusque
1081 313 1247 358 theseos
1276 314 1410 372 partis·
1430 319 1471 357 et
1493 315 1645 358 desen-

171 389 327 429 sionem
357 390 410 428 et³
428 381 714 428 refutationem
743 386 825 427 dici
855 388 1014 440 possint
1042 387 1194 428 diserte
1231 391 1503 441 exponantur,
1524 392 1642 441 atque

172 459 354 502 omnibus
395 458 615 512 perpensis.
652 458 814 506 ¹tandem
852 459 947 513 quid
985 459 1508 514 consequaturexplicetur
1523 473 1536 510 ;
1572 464 1642 501 aut

173 520 373 583 colloquio
416 530 471 571 ita
509 531 719 585 instituto,
761 525 947 583 maneri
980 532 1145 574 alteram
1177 532 1345 581 theseus
1372 536 1525 586 partem
1553 530 1644 579 lau-

172 603 269 648 dent
296 607 426 663 atque,
444 603 693 656 defendant,
737 605 852 646 alteri
893 603 1134 664 eontrarium
1164 605 1337 659 amplexi
1367 605 1473 647 iilam
1501 589 1663 658 repre-'

166 675 345 717 bendant
376 680 506 729 atque¹
537 677 771 733 impugnent
789 690 809 718 ε·
841 688 922 731 quo
963 679 1185 733 efficiatur,
1230 682 1273 719 ut
1307 677 1472 720 tandein
1511 677 1562 719 de
1596 689 1642 718 re

163 739 371 801 proposita
407 749 513 789 inter
540 752 734 802 utrosque
762 754 956 796 constet„
994 750 1131 799 Potest
1158 751 1301 805 aliquis
1330 750 1450 792 etiam
1480 749 1531 790 de
1559 760 1638 804 una

164 819 269 865 thesi
297 820 397 862 duas
426 821 689 864 conscribere
721 811 1086 879 commentationes
1106 853 1119 875 ‚
1159 835 1323 878 quarum
1370 822 1495 865 altera
1526 822 1639 864 affir-

165 897 263 944 met,
293 893 419 948 altera
447 898 570 947 neget
599 895 881 947 quaestionem
902 878 1160 948 propositam,

274 965 434 1006 Similes
464 965 752 1018 theseomnec
785 963 917 1013 tamen
948 967 1141 1018 eaedem,
1169 972 1261 1009 sunt
1291 979 1390 1022 quas
1424 972 1517 1009 ante
1546 967 1638 1009 elo-

166 1038 356 1090 quentiae
389 1043 516 1079 artem
547 1051 570 1084 a
604 1039 760 1088 Corace
791 1040 977 1093 'l'isiaque
1010 1041 1212 1083 conditam
1236 1053 1258 1081 a
1281 1041 1502 1094 Protagora
1535 1051 1640 1080 con-

165 1115 304 1162 ceptas
333 1110 457 1154 fuisse
490 1097 720 1169 Cicero,ait
745 1111 852 1164 Brut,
884 1124 973 1168 cap.
990 1111 1078 1153 ΧΠ.
1095 1117 1136 1162 s.
1157 1111 1226 1164 46,
1259 1124 1393 1154 rerum
1429 1111 1634 1153 illustrium

165 1181 472 1236 disputationes,
499 1188 639 1237 postea
663 1184 778 1226 loci
808 1196 1117 1228 communes
1146 1176 1357 1239 appellati:
1388 1184 1562 1238 „itaque,
1582 1184 1638 1225 ait

166 1255 425 1309 Aristoteles,
455 1268 546 1306 cum
573 1257 742 1300 sublatis
774 1259 816 1299 in
831 1258 965 1300 Sici-lia
996 1259 1182 1313 tyrannis.
1205 1271 1273 1301 res
1301 1258 1481 1313 privatae
1512 1246 1636 1312 longo

167 1329 382 1371 intervallo
400 1330 561 1372 iudiciis
575 1336 869 1384 repeterentur,
887 1336 976 1373 tum⁴
987 1333 1168 1385 primum,
1187 1331 1294 1385 quod
1310 1336 1420 1374 esset
1435 1336 1551 1373 acuta
1571 1331 1634 1371 illa

162 1406 336 1456 genset
365 1406 632 1456 controversa
662 1408 828 1454 natura,
849 1408 980 1446 artem
1007 1409 1047 1445 et
1075 1409 1291 1458 praecepta
1315 1404 1473 1453 Siculos
1503 1403 1635 1445 Cora-

165 1486 254 1516 cem
284 1480 325 1517 et
355 1463 506 1530 Tisiam
536 1477 859 1530 conscripsisse:
890 1489 981 1518 nam
1012 1483 1129 1523 antea
1149 1473 1350 1519 neminem
1380 1477 1539 1517 solitum
1569 1476 1634 1517 via

163 1552 374 1603 necarte,
403 1549 477 1590 sed
509 1553 701 1602 accurate
734 1553 866 1591 tamen
899 1554 940 1591 et
969 1549 1019 1597 de
1045 1551 1198 1603 scripto
1219 1550 1446 1602 ,plerosque
1478 1548 1633 1600 dicere,

163 1623 418 1676 scriptasque
448 1623 575 1667 fuisse
601 1628 642 1664 et
668 1627 829 1677 paratas
855 1635 877 1663 a
898 1623 1120 1678 Protagora
1148 1635 1280 1664 rerum
1312 1622 1517 1668 illustrium
1547 1622 1635 1663 dis-

161 1695 417 1750 putafiones,
458 1707 563 1749 quae
594 1707 703 1737 nunc
735 1707 970 1742 communes
1001 1695 1249 1752 appellantur
1280 1695 1398 1737 loci.“
1457 1694 1634 1744 Quorum

163 1769 380 1817 vernorum
396 1770 637 1815 sententiam
666 1774 808 1822 contra
819 1769 1014 1821 Geefium,
1045 1768 1273 1820 Prellerum,
1304 1768 1500 1819 Peterum,
1532 1767 1634 1808 alios

161 1852 253 1895 pag.
268 1837 337 1884 41.
366 1846 407 1883 et
435 1854 474 1896 q.
503 1853 618 1895 seqq.
649 1846 921 1896 exposuimus,
960 1842 1159 1889 Locorum
1189 1841 1453 1882 communium
1472 1839 1632 1881 diversa

161 1926 316 1970 genera
348 1914 523 1968 explicat
546 1914 629 1957 Cic.
662 1915 713 1957 de
735 1915 804 1957 Or.
838 1915 904 1957 lib.
919 1915 981 1957 111.
1013 1927 1102 1968 cap.
1119 1914 1276 1969 xxvlt.
1308 1914 1469 1965 §.1062
1499 1912 1634 1966 „Con-

161 1991 381 2041 sequentur
409 1988 529 2029 etiam
560 1987 614 2029 illi
648 1988 754 2040 loci,
786 1989 1137 2041 qui,.quanquam
1169 1987 1320 2040 proprii
1352 1998 1562 2027 causarum
1593 1989 1634 2026 et

161 2059 424 2101 inhaerentes
452 2061 494 2102 in
521 2072 660 2102 earum
691 2062 828 2102 nervis
861 2060 1155 2112 essedebent,
1178 2065 1311 2101 tamen
1341 2060 1431 2118 quia
1465 2058 1516 2099 de
1542 2059 1639 2100 uni-v

162 2143 283 2174 versa
311 2144 358 2174 re
389 2134 554 2175 tractari
583 2133 732 2186 solent,
765 2145 999 2177 communes
1027 2144 1050 2174 a
1068 2133 1286 2174 'veteribus
1314 2131 1507 2173 nominati
1522 2134 1634 2181 sunt:

161 2217 328 2258 quorum
358 2207 500 2260 partim
532 2205 683 2252 habent
711 2207 896 2249 vitiorum
928 2211 969 2247 et
994 2210 1251 2260 peccatorum
1283 2216 1418 2248 acrem
1434 2203 1633 2258 quandam
1669 2195 1671 2197 ¹

164 2290 253 2321 cum
287 2278 599 2333 amplificatione
626 2280 923 2321 incusationem
940 2308 952 2331 ‚
992 2284 1060 2321 aut
1098 2278 1302 2333 querelam
1333 2281 1474 2320 contra
1512 2288 1632 2330 quam

163 2350 243 2393 dici
271 2352 369 2394 nihil
398 2353 504 2394 solet
530 2364 618 2402 nec.
637 2357 798 2407 potest,
842 2357 885 2395 ut
918 2354 959 2394 in
992 2352 1347 2406 depeculatorem,
1376 2351 1416 2391 in
1446 2348 1632 2404 prodito-

159 2437 261 2475 rem,
291 2424 331 2464 in
362 2425 625 2476 parricidam
656 2426 801 2478 quibus
828 2427 883 2466 uti
917 2421 1426 2474 confirmatis'criminibus
1455 2408 1629 2476 oportet,

161 2498 279 2540 aliter
309 2497 415 2538 enim
448 2498 570 2541 ieiuni
605 2502 699 2541 sunt
727 2495 846 2553 atque
878 2499 1049 2550 inane1s3
1095 2497 1159 2541 alii
1201 2501 1333 2539 autem
1367 2496 1515 2540 habent
1553 2496 1631 2538 de-

159 2571 460 2623 precationem,
489 2576 555 2613 aut
585 2567 913 2617 miserationem:
943 2572 1008 2612 alii
1035 2570 1359 2640 vero-ugncipites
1390 2569 1630 2623 disputatio-

158 2655 245 2695 nes,
272 2644 312 2686 in
343 2642 488 2697 quibus
520 2642 570 2684 de
597 2645 791 2687 universo
829 2657 991 2700 generev
1024 2645 1063 2688 in
1103 2649 1314 2697 utramque
1349 2647 1502 2697 partem
1521 2642 1629 2704 dis-

158 2717 241 2758 seri
271 2718 439 2770 copiose
468 2716 602 2767 licet!
628 2741 683 2749 -
711 2718 833 2760 Locis
857 2718 1135 2760 communibus
1159 2717 1299 2770 partim
1332 2717 1427 2758 vitia
1459 2720 1500 2758 et
1527 2726 1629 2769 peo-

154 2794 246 2832 cata
275 2786 434 2842 notari,
473 2789 526 2847 ita
562 2789 750 2844 quidem,
790 2797 833 2837 ut
871 2804 953 2834 non
986 2792 1045 2833 ιᾱο
1085 2794 1195 2832 certa
1235 2790 1406 2844 quadam
1434 2800 1627 2843 persona,

150 2864 225 2913 sed
268 2863 322 2907 de
370 2864 469 2907 vitio
512 2865 604 2919 ipso
654 2868 827 2919 agatur,
891 2865 1034 2921 partim
1077 2863 1203 2906 valiam
1245 2862 1486 2907 sententiam
1531 2863 1629 2907 uni-
