1871 3204
796 114 1156 161 —136-

251 252 439 301 quattuor
475 247 549 287 illis
587 233 882 296 respondentes
922 245 1158 285 observarit.
1229 244 1345 292 Quod
1387 256 1529 297 neque.
1560 257 1634 298 per
1671 255 1716 285 se

252 321 434 361 subtilius
465 321 673 368 estquarn
709 320 750 356 ut
777 316 1018 368 Protagoras
1049 316 1214 368 ingenio
1243 325 1317 355 suo
1347 327 1497 368 capere
1529 317 1716 369 poluerit,

252 398 293 433 et
322 390 513 432 similibus
545 389 717 428 inventis
738 374 1024 442 *grammaticis
1061 399 1143 429 non
1174 388 1303 428 minus
1333 388 1460 429 acutis
1489 388 1713 430 doctrinam

250 465 334 503 eius
366 463 404 501 in
432 461 495 501 tiis
524 460 647 501 rebus
680 465 878 502 versatam
911 461 1107 502 videmus.
1165 454 1336 502 Accedit
1369 471 1466 501 vero
1482 460 1712 502 Aristotelis

248 536 360 574 locus
391 533 567 585 quidam,
598 545 677 585 quo
708 533 939 574 distinxisse
969 533 1073 574 illum
1104 534 1214 585 ipsos
1243 532 1356 574 verbi
1388 532 1533 573 modos
1558 518 1711 584 proba*—

246 606 324 646 bile
368 605 422 645 fit.
493 605 633 646 Primis
678 607 783 646 enim
825 605 958 647 iliadis
999 606 1182 646 versibus
1222 605 1299 646 hoc
1332 615 1491 657 quoque
1536 608 1710 657 praece-

246 684 352 731 ptum
394 677 597 719 illustrans
642 678 745 728 (vid.
775 691 868 732 pag.
902 679 1018 728 131.)
1049 679 1290 732 Protagoras
1314 677 1516 731 Μῆνινχ
1548 671 1711 717 ἄειδε

244 748 352 791 θεά
401 762 494 790 esse
540 748 711 802 ἐντολήν
738 752 822 800 ait,
869 763 1096 804 qua-nquam
1126 747 1293 805 εὔχωλή
1324 750 1455 804 potius
1494 754 1709 802 exspecte-

244 827 334 873 tur,
381 834 470 863 nam
508 832 589 861 non
628 821 775 862 decere
804 820 1006 863 hominem
1047 822 1135 863 deis
1170 824 1383 876 imperare.
1438 821 1596 869 Ethoe
1626 822 1711 876 igi-

243 900 305 935 tur
349 900 389 935 et
430 894 562 935 multis
602 894 690 934 aliis
730 894 833 934 locis
872 892 1038 945 ἐντολήν
1083 898 1309 946 usurpatam
1344 907 1463 946 esse,
1508 895 1576 935 ubi
1618 906 1707 934 ma-

242 967 323 1021 gisv
354 967 572 1007 conveniat
620 963 806 1020 ὲόχωλή.
878 966 992 1015 Quod
1037 966 1277 1007 Aristoteles
1320 967 1430 1007 Poet.
1475 979 1561 1020 cap.
1601 965 1707 1007 XIX.
1783 965 1793 973 '

242 1045 338 1081 tom.
382 1039 431 1079 ll.
482 1050 572 1092 pag.
620 1038 737 1078 1456.
787 1038 910 1079 Bekk.
962 1038 1033 1087 his,
1075 1039 1211 1078 verbis
1258 1039 1473 1091 exprimit:
1526 1041 1581 1079 Τι’
1624 1035 1705 1091 γάρ

244 1107 298 1151 ἄν
342 1126 405 1157 τις
441 1108 648 1161 ὑπολάβοι
681 1109 956 1163 ἡμαρτῆσθαι
1001 1107 1030 1150 ἃ
1067 1109 1364 1162 Πρωταγόρας
1402 1110 1603 1166 ἐπιτιμᾷ,
1637 1105 1705 1150 ὅτι

244 1179 449 1235 εὔχεσθαι
474 1182 670 1235 ,ρι’όμειιος
713 1182 921 1224 ἐπιτάττει
959 1181 1089 1224 εἰπών
1121 1184 1179 1224 Μ
1198 1184 1222 1235 ἦ
1240 1199 1263 1223 v
1284 1198 1299 1222 ι
1320 1198 1343 1224 ν
1388 1177 1541 1223 ἄειδε
1581 1181 1704 1233 θεάς

241 1253 288 1296 τὸ
319 1254 399 1309 γὰρ
433 1254 643 1306 κελεῦσαί,
675 1270 795 1310 φησι,
829 1259 1034 1311 north-u
1069 1251 1180 1309 ἢμὴ
1212 1252 1394 1306 ἐπίταξίς
1428 1256 1556 1296 ἐστιν.
1614 1254 1709 1297 Mihi

242 1328 401 1382 quidem
443 1328 599 1368 videtur
632 1328 878 1380 Protagorae
919 1327 970 1367 ad
998 1328 1104 1368 hunc
1134 1327 1266 1367 locum
1296 1328 1593 1367 animadversio
1623 1339 1706 1367 non

242 1400 319 1440 alia
347 1400 472 1441 fuisse
502 1404 621 1452 atque
650 1400 778 1440 haec-2
818 1399 970 1440 Eadem
1009 1400 1124 1440 verbi
1156 1398 1308 1452 forma,
1355 1412 1432 1453 qua
1460 1400 1619 1454 proprie
1649 1401 1702 1441 ad

243 1472 459 1513 iubendum
488 1473 664 1522 utimur,
704 1473 833 1512 minus
862 1476 1052 1512 accurate
1081 1472 1201 1511 etiarn
1230 1472 1282 1511 ad
1312 1472 1554 1524 precandum
1584 1484 1705 1512 usur-

245 1548 374 1598 patur.
433 1543 548 1584 Conf.
582 1543 757 1584 Eustath.
790 1542 841 1584 ad
873 1543 988 1585 Hom.
1013 1542 1055 1584 ll.
1085 1542 1152 1585 lib.
1182 1543 1212 1585 l.
1242 1545 1348 1598 v.¹1.
1377 1544 1444 1585 fin.
1479 1556 1569 1599 pag.
1598 1545 1637 1586 8.

327 1617 400 1656 Hic
428 1617 542 1656 locus
561 1621 622 1655 est
645 1616 931 1656 memorandae
952 1617 1222 1668 Protagoreae
1245 1598 1526 1668 0³93osnel'a
1537 1631 1569 1668 ς,
1605 1628 1708 1669 quae

244 1690 284 1730 in
327 1688 497 1729 diversis
530 1688 734 1733 rhetorum
782 1687 932 1730 artibus
975 1700 1023 1729 ac
1059 1688 1282 1742 disciplinis
1324 1685 1395 1745 (τά
1426 1687 1534 1742 περὶ
1574 1685 1708 1743 λόγων

240 1763 409 1816 τέχνης)
449 1767 687 1802 recensetur
725 1762 819 1802 Plat.
848 1761 1020 1802 Phaedr.-
1049 1774 1142 1815 pag.
1174 1761 1268 1802 267.
1298 1762 1350 1802 C:
1400 1763 1530 1802 ΦΑΙ.
1568 1764 1704 1813 Πρω-

239 1832 438 1888 ταγόρεια
471 1835 546 1888 δέ,
575 1828 609 1875 αἶ
639 1831 872 1888 Σώκρατες,
905 1834 983 1875 οὐκ
1013 1827 1062 1888 ἦν
1090 1835 1231 1887 μέντοι
1257 1820 1417 1875 τοιαῦτ’.
1443 1829 1574 1886 ἅπας
1615 1832 1704 1875 ΣΩ.

235 1901 482 1958 Ὀρθοέπειά
514 1907 562 1958 γε’
593 1905 676 1958 τις.
707 1902 743 1948 αἶ
773 1879 877 1958 7125,
910 1901 1116 1948 καῐᾶλλα
1145 1903 1284 1960 πολλὰ4
1308 1907 1382 1947 καί
1410 1904 1532 1948 καλά.
1590 1906 1704 1955 Quae

239 1978 368 2034 qualis
397 1979 619 2021 sueritcum
647 1978 797 2032 exhoc
815 1979 907 2023 loco
928 1980 1102 2034 perspici
1129 1983 1316 2034 nequeat,
1331 1979 1517 2021 diversae
1531 1980 1706 2021 virorum

240 2052 448 2091 doctorum
470 2052 520 2091 de
538 2052 603 2091 illa
623 2052 784 2092 fuerunt
799 2052 1036 2092 sententiae.
1072 2051 1134 2091 Ex
1154 2052 1322 2091 aliorum
1345 2050 1503 2103 quidem
1526 2051 1707 2104 quincei

239 2121 491 2176 ὀρθοεπείας
526 2124 777 2178 scripserunt
795 2124 1095 2178 comparatione
1116 2135 1184 2165 res
1213 2135 1294 2166 non
1316 2124 1465 2178 liquet:
1495 2136 1587 2166 nam
1617 2136 1707 2166 cum

238 2200 314 2235 tam
344 2186 423 2236 late
459 2201 593 2249 pateat
626 2187 742 2237 huius
774 2197 949 2237 nominis
988 2196 1253 2251 significatio,
1291 2196 1438 2238 sactum
1478 2201 1539 2238 est
1569 2200 1611 2238 ut
1639 2195 1706 2237 alii

240 2267 354 2309 aliam
373 2255 622 2323 disciplinam
652 2267 906 2323 ὄρθοέπειαν
935 2273 1142 2311 vocarent.
1167 2269 1263 2312 ·Sed
1293 2281 1316 2310 a
1347 2269 1592 2319 Quintiliano
1626 2268 1711 2314 duo·

237 2347 509 2383 memorantur
539 2330 789 2394 ὀρθόεπειάς
829 2341 997 2395 genera.
1054 2342 1150 2387 Lib.v
1170 2342 1200 2383 1.
1232 2354 1318 2396 cap.
1350 2342 1396 2385 V.
1429 2346 1469 2391 §-
1499 2341 1565 2382 33.
1596 2343 1702 2382 enim

237 2411 492 2464 ὄρθοέπειαν
534 2415 630 2456 dicit
669 2414 921 2456 emendatam
958 2427 1048 2457 cum
1075 2416 1291 2456 ‘suavitate
1329 2400 1474 2455 vocum
1505 2414 1702 2468 explana-

235 2486 403 2536 tionem,
432 2498 520 2538 qua.
537 2499 638 2539 quae
667 2489 749 2527 sint
766 2486 944 2540 syllabae
962 2488 1127 2542 longae,
1161 2487 1324 2538 breme,
1350 2490 1505 2538 acutae,
1533 2497 1699 2541 gra-ves,

232 2558 366 2599 flexae
388 2558 590 2611 *doceatur
617 2565 734 2613 atque
762 2561 804 2601 in
833 2560 929 2601 vitia
961 2561 1045 2601 oris
1077 2564 1118 2601 et
1146 2560 1310 2613 linguae
1337 2549 1696 2610 animadvertatur,

231 2631 362 2684 qualia
380 2631 462 2672 sint
478 2632 740 2684 wauwpcoe',
769 2632 1098 2685 λαμβδακισμοί,
1119 2630 1371 2687 ι’σχνότητες,
1400 2632 1695 2684 πλατειασμοί,

229 2702 521 2757 κοιλοστομιά,
567 2707 636 2755 et,
679 2709 720 2745 ut
749 2706 872 2758 ipsius
903 2706 1040 2747 verbis
1077 2710 1197 2756 utar,
1230 2705 1402 2758 „proprii
1431 2705 1488 2746 illi
1528 2708 1570 2744 et
1597 2702 1692 2743 ine-

231 2776 454 2817 narrabiles
503 2776 627 2827 soni,
680 2776 821 2827 quibus
865 2788 1151 2831 nonnunquam
1197 2776 1380 2819 nationes
1418 2768 1693 2829 deprehendi-

233 2860 333 2906 mus.
391 2848 572 2893 Remotis
610 2848 731 2906 igitur
762 2850 970 2906 omnibus,
1012 2850 1064 2892 de
1106 2849 1249 2905 quibus
1278 2861 1400 2906 supra
1432 2846 1558 2902 dixi,'
1581 2848 1691 2891 vitiis
