1871 3204
773 149 1132 191 -178—

218 272 336 313 iidem
379 272 625 323 denegemus
662 270 739 309 iarn
780 268 876 309 nihil
914 273 998 309 est:
1047 268 1288 322 Antilogicis
1322 271 1459 321 enim,
1498 270 1549 310 ad
1577 280 1680 323 quae

218 344 452 384 Ciceronem
482 341 506 380 l.
535 327 564 380 1.
596 340 826 392 respexisse
855 345 964 393 putat
993 340 1201 381 Herbstius
1230 351 1321 394 pag.
1359 340 1450 391 113,
1481 337 1586 382 aliud
1605 353 1678 382 ar-

216 418 445 469 gumentum
473 417 587 454 recte
620 412 809 454 tribuisse
847 412 1042 454 videmur.
1101 413 1213 462 Quae
1241 414 1276 454 si
1309 414 1362 454 ila
1391 416 1499 464 sunt,
1532 412 1598 454 bio
1625 414 1679 455 li-

216 489 289 527 ber
323 498 376 526 ex
407 486 503 540 igne
531 489 716 527 servatus
747 497 876 539 usque
909 485 960 527 ad
992 486 1149 533 tertium
1176 489 1269 540 post
1302 484 1496 527 Christum
1527 495 1678 526 saecu-

198 559 288 619 llum
319 563 491 598 aetatem
523 557 619 598 tulit.
1401 611 1403 614 Α

321 630 549 682 Secundum
582 630 871 672 PlatrTheaet.
900 642 994 685 pag.
1028 629 1118 672 161.
1153 630 1183 677 C
1223 627 1408 671 Πάντων
1440 628 1674 685 χρημάτων

206 704 303 746 illud
334 704 467 756 posuit
497 704 612 744 initio
640 691 734 744 libri
759 701 966 756 Ἀλήθεια
996 704 1196 756 inscripti:
1241 702 1325 756 Τὴν
1355 703 1393 743 δ’
1426 699 1563 755 α’ρχῆν
1598 702 1675 743 τοῦ

205 774 332 830 λόγου
362 773 628 828 τεθαύμακα,
655 770 720 816 δ’τὶ
748 775 824 815 ουίι
850 771 965 817 εἶπεν
995 769 1231 829 ἀρχόμενος
1248 775 1321 830 τῆς
1338 773 1574 830 Ἀληθείας,
1605 768 1673 814 ὅτι

205 845 373 889 πάντων
400 848 633 901 χρημάτων
661 848 815 900 μέτρον
843 848 954 888 ἐστίν
984 840 1036 895 ὗς
1065 843 1093 900 ἢ
1124 850 1407 902 κυνοκέφαλος
1424 851 1464 887 et
1482 858 1520 899 q.
1540 857 1670 898 seqq„

207 933 326 976 quem
369 920 419 961 ad
453 919 587 961 locum
626 919 816 961 conferas
859 919 1149 962 scholiastam:
1183 917 1353 963 Τὸ.τοῦ
1378 916 1670 974 Πρωταγόρου

203 993 476 1046 σύγγραμμα,
508 992 554 1032 ἐν
586 985 620 1050 ᾧ
646 993 782 1033 ταῦτα
800 989 976 1044 δοξάζει,
1001 991 1218 1045 Ἀλήθεια·
1237 991 1423 1032 ἐκαλεῖτο
1438 988 1519 1031 ὖπὸ
1537 993 1670 1043 Πρω-

202 1063 406 1119 ταγόρουε
438 1064 698 1118 eiusdemque
729 1064 878 1119 dialogi
900 1076 992 1119 pag.
1020 1063 1110 1121 162.
1126 1065 1180 1118 A,
1212 1063 1303 1105 166.
1321 1063 1365 1116 C,
1388 1064 1490 1124 4170.
1508 1063 1553 1104 Ε.
1588 1062 1669 1120 Sed

202 1138 237 1177 si
270 1138 366 1190 quid
397 1138 558 1177 omnino
585 1137 663 1177 hoc
690 1138 816 1189 ipsum
836 1136 1023 1189 placitum
1043 1148 1093 1176 eo
1116 1136 1219 1177 libro
1240 1136 1580 1189 expositumerat,
1604 1135 1669 1176 cui

202 1209 467 1262 inscripserat
487 1210 585 1262 περι·
603 1210 678 1250 τοῦ
704 1202 835 1257 ὄντος.
866 1208 1013 1259 Quare,
1030 1209 1209 1262 quamvis
1220 1209 1395 1250 Platonis
1411 1207 1525 1250 locos
1547 1207 1668 1248 modo

201 1281 405 1321 indicatos
429 1281 516 1321 fere
534 1292 676 1321 omnes
696 1280 898 1333 explicare
927 1282 1059 1333 possis
1093 1282 1214 1321 etiam
1242 1293 1325 1321 non
1350 1280 1556 1335 Ἀλήθεια
1579 1281 1669 1321 libri

205 1343 375 1394 alieuius
397 1353 547 1394 titulum
562 1354 685 1394 fuisse
700 1357 880 1394 statuens
900 1354 1002 1404 [vid.
1019 1354 1430 1395 Schleiermacherum
1443 1354 1494 1394 ad
1504 1354 1668 1394 Theaet.

202 1438 295 1480 pag.
339 1426 430 1467 161.
469 1427 524 1476 C,
566 1430 708 1467 contra
741 1437 857 1478 quem
889 1427 1102 1479 disputavit
1129 1428 1408 1468 Stallbaumius
1448 1431 1583 1467 annot.
1614 1425 1667 1466 ad

206 1499 381 1540 eundem
410 1500 557 1550 locum,
592 1503 633 1539 et
662 1498 888 1539 Herbstium
911 1511 1012 1553 pag.
1047 1500 1180 1550 1500:
1212 1513 1302 1540 nam
1333 1500 1560 1541 scholiastis
1587 1498 1668 1539 hoo

206 1572 247 1611 in
277 1583 442 1623 genere,
461 1570 567 1610 nulla
596 1570 697 1610 fides
744 1575 831 1610 est:
873 1575 1006 1610 tamen
1046 1571 1149 1611 libro
1180 1584 1253 1612 suo
1283 1571 1333 1612 de
1365 1559 1499 1612 rerum
1526 1575 1668 1611 natura

208 1643 397 1683 confecto
437 1641 693 1694 inscripsisse
735 1642 1013 1695 Protagoramx
1036 1641 1296 1696 Ἀλήθεια
1338 1639 1364 1697 ἢ
1397 1644 1530 1697 περὶ
1566 1644 1669 1684 τοῦ·

206 1709 364 1763 ὄντος
396 1715 571 1755 omnium
605 1718 667 1754 est
693 1714 779 1755 veri
803 1714 1053 1755 simillimum.

247 1843 249 1845 -
289 1787 376 1827 Hoc
395 1787 517 1840 igitur
534 1787 684 1839 scripto
705 1786 887 1839 exposita
917 1791 1033 1827 erant
1061 1786 1204 1839 placita
1233 1787 1261 1827 1.
1296 1786 1341 1828 11.
1370 1786 1434 1827 111.
1454 1787 1516 1828 lv.
1539 1787 1583 1828 V.
1599 1786 1663 1828 Vl.

205 1860 287 1900 Vll.
310 1859 408 1900 Vlll.
441 1859 490 1899 X.
520 1858 587 1900 Xl.
621 1871 643 1899 a
663 1859 780 1900 nobis
802 1859 869 1899 lib.
888 1858 932 1900 11.
966 1871 1054 1912 cap.
1077 1859 1105 1899 Ι.
1137 1871 1188 1900 ex
1219 1864 1398 1901 veterum
1425 1861 1664 1901 testimoniis

206 1933 260 1973 ita
291 1932 468 1982 delinita,
497 1935 539 1972 ut
568 1931 790 1971 sententias
823 1932 980 1984 quidem
1010 1932 1301 1985 Protagoreas,
1330 1932 1402 1972 sed
1432 1944 1514 1973 non
1543 1932 1669 1973 verba

205 2008 412 2057 praestare
451 2003 657 2045 vellemus.
717 2004 850 2052 Quare
881 2004 945 2044 hic
972 2004 1066 2044 illud
1097 2009 1244 2046 tantuin
1286 2005 1542 2055 exhibemus,
1588 2015 1667 2057 quo

207 2082 248 2118 et
276 2078 450 2117 omnium
481 2078 595 2128 quasi
624 2089 776 2117 summa
804 2077 1085 2117 continebatur
1101 2077 1289 2129 quodque
1315 2078 1410 2129 ipsis
1424 2078 1669 2130 Protagorae

207 2150 343 2190 verbis
377 2149 497 2190 nobis
527 2148 715 2190 traditum
747 2161 840 2191 esse
873 2149 975 2192 locis
1013 2148 1081 2190 lib.
1110 2148 1157 2189 11.
1197 2160 1283 2202 cap.
1314 2148 1344 2193 I.
1394 2157 1432 2202 ς.
1462 2149 1502 2191 8.
1537 2148 1665 2191 allatis

208 2222 439 2276 planissime
470 2225 660 2275 apparet:

925 2335 960 2373 1.

324 2418 559 2463 Πάντων
587 2420 888 2476 χρημάτων
924 2422 1131 2474 μέτρον
1171 2415 1500 2473 ἅνθρωπος·
1557 2422 1670 2462 τῶν

210 2493 317 2543 μὲν
373 2485 558 2533 ὄντων
605 2491 677 2542 ὥς
723 2489 888 2544 ἔστι,
945 2493 1058 2534 τῶν
1113 2493 1170 2535 δὲ
1218 2490 1321 2532 ου’κ
1370 2486 1554 2534 ὄντων
1598 2492 1670 2541 ὥς

212 2582 232 2605 0
250 2559 272 2604 U,
291 2580 313 2603 κ
345 2560 403 2604 ἔθ’
420 2578 440 2602 T
457 2578 484 2603 1·-
1097 2616 1101 2620 ⁵

324 2650 560 2692 Gerlachius
588 2664 678 2706 pag.
708 2653 773 2694 65.
805 2657 940 2694 annot.
976 2655 1010 2694 1.
1069 2651 1258 2706 „Endlich
1300 2654 1351 2694 ob
1393 2665 1473 2695 von
1516 2653 1670 2694 diesem

210 2724 345 2767 Buehe
378 2725 497 2777 (περί
525 2725 602 2764 τοῦ
632 2719 770 2775 ὄντος)
798 2726 1066 2766 verschieden
1087 2726 1146 2766 sei
1165 2726 1228 2765 ein
1258 2725 1462 2766 ahnliches
1481 2723 1579 2778 περί
1595 2725 1671 2765 τοῦ

208 2794 267 2850 μὴ
297 2792 409 2844 ὄντος
441 2797 549 2855 Sext.
577 2785 691 2850 Emp.
723 2797 800 2862 Vll.
836 2798 913 2840 149
931 2830 942 2851 ‚
980 2798 1080 2840 wird
1109 2797 1346 2840 schwerlich
1378 2799 1537 2838 konnen
1567 2808 1667 2838 aus-

207 2870 403 2923 gemittelt
442 2870 632 2912 werden‘<
646 2902 659 2924 ,
705 2869 877 2925 Menagii
919 2883 1098 2912 errorem
1141 2872 1259 2923 (vid.·
1287 2875 1426 2912 annot.
1443 2903 1445 2905 ,
1466 2869 1518 2911 ad
1546 2870 1665 2924 Diog.
