1871 3204
819 161 1143 207 -54-

248 300 331 328 non
364 288 462 328 suit:
517 289 635 326 immo
679 288 745 338 qui
777 299 864 327 cum
892 288 1142 327 Theramene
1173 292 1213 327 et
1242 288 1493 329 Aristocrate
1522 293 1717 330 steterant

248 362 289 401 in
320 367 465 414 magno
498 358 653 417 honore
680 357 806 399 habiti
835 363 926 400 sunt
946 362 1015 410 ⁶);
1045 359 1231 400 omnibus
1253 363 1384 401 autem
1407 362 1588 403 rationes
1615 362 1715 403 red-

251 434 408 474 dendae
441 431 598 472 suerunt
617 431 680 482 ⁶)“
712 436 752 472 et
773 444 811 485 q.
835 444 949 486 seqq.
1008 432 1134 485 Ipsius
1165 434 1373 486 scriptoris
1399 437 1576 489 numeris
1604 437 1715 477 indi-¹

252 506 369 555 cavi,
400 515 479 557 quo
509 505 739 557 pertineant
768 517 868 559 quas
897 505 936 546 in
965 506 1148 560 margine
1182 495 1383 549 subiunxit
1430 509 1717 550 annotationes

249 578 402 617 haece:
453 579 514 628 „⁵)
544 577 680 630 ltaque
711 579 771 618 rei
807 583 949 633 postea
978 579 1161 630 aiebant,
1205 591 1250 619 se
1281 591 1369 619 cum
1398 580 1646 620 Theramene
1674 584 1715 620 et

247 649 499 690 Aristocrate
540 651 778 692 coniunctos
818 651 964 697 su1sse:
1015 665 1052 692 v.
1095 651 1181 705 [γε.
1226 664 1263 692 c.
1307 651 1509 693 Eratosth.
1549 652 1617 693 62.
1655 663 1712 693 ss.

249 723 396 762 Contra
429 722 584 763 crimini
616 728 724 773 erat,
755 725 788 764 si
820 726 908 776 quis
940 725 1151 778 Phrynichi
1181 727 1332 766 amicus
1362 725 1512 765 suerat:
1555 725 1646 778 Lys.
1676 737 1717 777 p·-

246 794 328 835 Pol.
365 795 427 834 11.
457 817 512 825 —
542 793 600 835 llli
629 799 770 848 postea
815 807 895 837 non
938 797 1064 838 semel
1091 801 1277 851 praetura
1308 797 1431 838 suncti
1460 802 1561 839 sunt.
1619 797 1717 839 Ari-

246 868 436 908 stocratis
475 867 617 908 laudes
659 885 697 910 v.
738 881 797 922 ap.
832 869 1038 910 Demosth.
1079 882 1117 911 c.
1160 871 1372 914 Theocrin.
1417 884 1454 924 p.
1489 869 1633 912 1343ss
1661 884 1716 904 —‘

246 942 309 992 „⁶)
339 940 389 981 Ut
419 952 471 981 ex
499 941 682 981 oratione
711 951 783 994 pro
815 940 1037 994 Polystrato
1067 947 1254 995 apparet,
1285 955 1387 996 quae
1419 943 1498 984 nisi
1525 947 1603 983 tam
1636 943 1717 983 mi-

248 1025 340 1054 sere
370 1012 503 1054 mutila
523 1018 644 1064 esset,
673 1026 857 1067 magnam
889 1014 1018 1054 lucem
1046 1014 1107 1055 his
1135 1015 1256 1056 rebus
1285 1015 1532 1057 affunderet“
1563 1021 1603 1057 et
1625 1029 1662 1070 q.
1680 1028 1717 1057 s;

246 1112 301 1119 -
320 1086 485 1139 „Multos
502 1086 567 1128 CD
596 1089 772 1128 virorum
803 1087 1009 1129 absolutos
1035 1099 1126 1129 esse
1158 1089 1256 1129 dicit
1285 1088 1424 1143 Lysias
1453 1088 1506 1133 ib.
1539 1087 1627 1130 14⁴⁴
1659 1114 1714 1122 --

248 1160 329 1200 Iam
360 1171 459 1200 vero
489 1159 589 1200 nihil
620 1160 797 1212 impedit,
828 1161 1039 1212 quominus
1070 1160 1109 1199 in
1140 1160 1214 1210 iis,
1253 1160 1320 1213 qui
1352 1172 1439 1200 cum
1467 1160 1717 1202 Theramene

249 1237 289 1273 et
318 1233 571 1273 Aristocrate
600 1237 822 1283 steterunt,
865 1232 1134 1286 Pythodorum
1164 1244 1324 1286 quoque
1358 1232 1481 1274 fuisse
1519 1238 1731 1286 putemus,

249 1305 315 1357 qui
347 1304 607 1358 Protagoram
638 1315 855 1344 accusasse
889 1303 1041 1343 fertur:
1087 1303 1248 1343 aliunde
1290 1304 1395 1343 enim
1445 1315 1609 1357 prorsus
1652 1309 1718 1346 est-

249 1377 424 1430 ignotus.
482 1376 580 1418 Nam
611 1376 783 1416 eundem
815 1387 907 1416 esse
938 1375 1205 1429 Pythodorum
1233 1376 1406 1417 Isolochi
1438 1377 1582 1429 filium,
1615 1376 1718 1419 Dia!-

248 1461 395 1502 genem
435 1461 534 1489 vero
566 1449 681 1490 solita
720 1450 966 1503 negligentia
994 1450 1118 1502 patris
1151 1461 1296 1489 nomen
1328 1451 1533 1490 addidisse
1566 1450 1720 1501 falsum,

250 1522 441 1562 Scheibio
473 1520 633 1575 quidem
661 1520 757 1570 (Die
790 1519 985 1573 oligarch.
1007 1520 1266 1573 Umwalzung
1284 1532 1333 1560 zu
1349 1521 1479 1561 Athen
1502 1532 1591 1574 pag.
1614 1520 1719 1572 663,

249 1595 322 1635 sed
355 1607 487 1647 neque
517 1592 827 1635 wattenbachio
863 1593 962 1643 (vid.
994 1605 1085 1646 pag.
1117 1591 1206 1643 44.)
1236 1605 1367 1646 neque
1396 1594 1490 1635 mihi
1518 1595 1719 1647 persuasit

248 1667 447 1721 Bergkius
478 1669 691 1707 comment.
725 1665 775 1706 de
804 1677 908 1708 com.
940 1669 1006 1705 att.
1045 1669 1123 1705 ant.
1160 1676 1249 1718 pag.
1287 1665 1379 1706 100.
1438 1665 1486 1706 Ut
1527 1678 1578 1705 ex
1616 1677 1718 1719 qua-

250 1741 555 1793 dringentorum
600 1739 723 1780 rebus
766 1738 873 1778 nulla
918 1738 1093 1778 Herbstii
1137 1740 1471 1791 argumentationi
1515 1740 1721 1781 exoriatur

253 1813 543 1866 comprobatio.
580 1838 632 1844 —-
666 1812 777 1861 Quae
809 1811 980 1864 denique
1008 1811 1133 1851 attulit
1162 1811 1216 1852 ad*
1242 1810 1467 1852 Philochori
1499 1811 1719 1852 Philostra-

250 1888 357 1939 tique
400 1886 515 1926 locos
559 1882 857 1932 confutandos,
903 1881 1006 1923 adeo
1045 1882 1150 1923 levia
1192 1887 1305 1933 sunt,
1351 1888 1394 1924 ut
1422 1883 1471 1923 ad
1501 1883 1719 1925 Hermanni

254 1971 494 2009 censuram,
525 1958 591 2011 qui
622 1957 878 1996 vanitatatem
907 1966 1044 1995 eorum
1074 1956 1262 2007 notavit,
1300 1956 1490 2010 delegare
1522 1957 1589 1998 vix
1620 1968 1722 2011 opus

250 2035 300 2073 sit
328 2033 537 2072 lectorem.
598 2030 754 2082 „Paullo
789 2033 879 2081 post
910 2040 1055 2069 annum
1088 2026 1182 2069 415.
1215 2028 1486 2070 Athenienses
1516 2031 1721 2084 principa-

249 2110 330 2147 tum
378 2105 615 2145 maritimum
656 2103 873 2143 amiserunt
915 2106 958 2142 et
996 2113 1107 2142 mare
1149 2102 1331 2156 Aegeum
1370 2102 1541 2143 navibus
1580 2114 1720 2144 eorum

250 2188 421 2218 vacuum
467 2176 606 2216 erat“l
666 2175 792 2224 Quum
836 2174 1071 2214 anno>413.
1119 2173 1259 2215 classis
1297 2175 1336 2214 in
1376 2174 1553 2215 Siciliam
1596 2176 1720 2216 missa

251 2248 463 2303 Syracusis
495 2248 729 2298 interiisset,
759 2245 968 2298 Alcibiade
1000 2246 1116 2297 duce,
1147 2250 1355 2299 postquam
1388 2258 1476 2287 cum
1503 2247 1657 2288 civibus
1680 2247 1722 2288 in

164 2330 171 2338 “
252 2322 422 2376 gratiam
450 2320 585 2373 rediit,
617 2320 924 2361 Atheniensium
953 2319 1062 2359 vires
1089 2319 1311 2359 maritimae
1341 2321 1586 2362 revixerunt.
1645 2319 1721 2361 Vix

253 2397 334 2438 ullo
367 2396 444 2438 alio
476 2396 583 2437 bello
612 2407 694 2437 non
736 2394 858 2435 modo
892 2398 948 2435 tot
977 2406 1131 2447 pugnas
1162 2395 1327 2436 navales
1358 2394 1502 2435 eodem
1531 2396 1723 2447 temporis

257 2470 389 2523 spatio
420 2470 732 2519 commiserunt,
765 2468 837 2507 sed
871 2468 987 2508 etiam
1020 2472 1077 2507 tot
1108 2468 1297 2508 victorias
1328 2468 1544 2508 maritimas
1577 2479 1724 2521 repor-

255 2546 468 2590 taverunt,
507 2546 603 2594 quot
634 2541 699 2581 illa
729 2540 823 2581 belli
854 2539 1184 2592 Peloponnesiaci
1213 2545 1326 2592 parte
1345 2571 1356 2590 ‚
1396 2552 1497 2593 quae
1525 2542 1724 2595 quadi-in·-

255 2618 471 2669 gentorum
505 2613 815 2654 dominationem
846 2613 1024 2653 insecuta
1057 2618 1130 2653 est.
1190 2611 1293 2659 Quid
1333 2623 1400 2652 res
1430 2611 1480 2651 ab
1512 2613 1723 2654 Alcibiade

256 2688 296 2729 in
314 2687 576 2740 Hellesponto
605 2687 810 2738 praeclare
842 2691 995 2740 gestas,
1029 2686 1130 2739 quid'
1152 2684 1323 2726 nobilem
1354 2684 1457 2726 illam
1477 2697 1648 2740 pugnam
1673 2686 1726 2727 ad

258 2761 511 2815 Arginussas
544 2762 755 2810 pugnatam
787 2757 1034 2798 memorem?
1072 2757 1199 2809 Prope
1220 2757 1358 2810 Aegos
1387 2756 1531 2797 flumen
1566 2757 1724 2797 demum

257 2832 561 2875 Atheniensium
590 2830 699 2870 vires
729 2832 948 2872 maritimae
980 2829 1175 2871 infractae
1204 2833 1305 2870 sunt.

370 2904 529 2947 Talibus
561 2901 785 2948 rationibus
815 2908 1022 2959 postquam
1044 2913 1153 2945 anno
1169 2901 1261 2945 400.
1296 2902 1553 2957 Protagoram
1575 2900 1724 2945 deces-
