1871 3204
86 2462 101 2478 l

66 2482 85 2506 s

0 2506 66 2648 s

735 122 1095 169 -176—

742 318 949 380 cffuu'·
975 345 1081 383 m.

286 466 424 507 Totam
454 465 541 507 fere
571 464 822 519 disciplinam
853 478 965 508 suam
997 466 1241 519 Protagoras
1265 476 1348 508 non
1378 468 1528 509 umam
1547 476 1636 507 cum

176 537 377 591 discipulis
408 539 493 579 suis
522 538 609 591 ipse
636 550 833 591 praesens
860 539 1192 590 communicavit,
1231 538 1304 579 sed
1336 538 1447 596 libris
1476 549 1636 590 quoque

172 609 279 650 haud
311 610 367 650 ita
405 611 545 662 paucis
585 610 811 663 posteritati
841 600 1030 661 tradidit,
1069 619 1236 664 quorum
1272 610 1396 650 index
1433 614 1505 649 est·
1532 608 1636 662 apud

170 682 398 736 Diogenem
429 682 496 724 lib.
526 681 595 723 lx.
627 687 669 732 §.
684 683 752 723 55.
810 683 883 724 Cui
922 694 1146 736 quanquam
1179 683 1214 724 is
1241 682 1444 735 inscripsit
1459 677 1573 723 Ἔστι
1590 682 1638 721 δὲ

169 753 218 796 τὰ
249 754 469 806 σωζόμενα
499 753 634 796 αὐτοῦ
661 752 954 810 βιβλίατάδε,
987 760 1120 797 tamen
1151 768 1241 798 num
1263 755 1543 797 Laertiietiam
1562 765 1637 796 ae·

171 831 253 868 tate
273 827 518 880 Protagorae
534 827 683 880 scripta
700 826 835 868 abillo
856 828 1319 869 memorata—exstiterint
1340 827 1456 869 valde
1475 827 1635 868 dubium

116 896 118 898 ’
170 904 247 940 est.
287 900 410 940 immo
428 912 451 940 e
476 899 653 953 priorum
671 904 878 941 auctorum
911 900 1044 953 aliquo
1073 900 1179 943 hunc
1208 900 1401 942 librorum
1426 900 1636 941 elenchum

170 986 260 1014 cum
279 974 364 1026 ipsa
384 974 651 1025 inscriptione
669 985 693 1013 a
707 973 893 1026 Diogene
922 973 1105 1015 haustum
1123 976 1215 1013 esse
1231 974 1383 1014 monuit
1396 972 1635 1021 Welckerus

168 1051 305 1087 annot.
335 1057 430 1100 pag.
449 1045 546 1086 553.
567 1049 607 1085 et
626 1046 721 1087 575.
753 1038 892 1099 Neque
912 1045 955 1086 C.
983 1045 1048 1102 Fr.
1077 1046 1305 1088 Hermanno
1338 1057 1533 1099 repugno,
1567 1046 1635 1098 qui

164 1120 190 1161 l.
220 1119 247 1159 l.
278 1110 369 1173 pag.
400 1119 496 1160 381.
557 1119 696 1171 „Denn
740 1130 812 1159 aus
852 1118 1094 1171 Autopsie“‚
1123 1119 1276 1171 inquit,
1315 1120 1485 1172 „mugen
1527 1118 1634 1159 wohl

165 1194 328 1247 wenige
370 1192 443 1233 der
470 1191 769 1243 Nachrichten,
812 1192 879 1233 die
917 1193 993 1233 wir
1027 1192 1134 1233 noch
1169 1192 1271 1233 iiber
1299 1192 1542 1246 Protagoras
1573 1192 1632 1233 als

163 1265 451 1307 Schrittstellcr
466 1265 613 1316 haben,
635 1265 840 1318 geflossen
857 1266 944 1305 sein
957 1279 969 1316 3
1003 1277 1088 1305 was
1103 1264 1376 1316 Philostratus,
1392 1264 1633 1305 Themistius

162 1351 200 1379 u.
231 1340 280 1380 A.
311 1338 413 1378 fiber
443 1338 585 1387 sei-nen
617 1339 701 1390 Sty!
728 1349 883 1391 sagen,
922 1339 977 1378 ist
1006 1336 1190 1378 offenbar
1217 1350 1289 1378 aus
1319 1338 1392 1378 der
1422 1338 1535 1377 Rede
1566 1338 1631 1377 bei

160 1411 270 1451 Plato
314 1410 566 1451 abstrahirt.“
626 1410 705 1451 Sed
738 1409 789 1450 de
818 1409 992 1464 singulis
1030 1410 1141 1451 libris
1173 1422 1266 1451 num
1297 1410 1391 1463 quid
1422 1411 1521 1451 certi
1551 1409 1630 1451 hoc

162 1486 204 1524 in
245 1495 399 1537 genere
441 1485 560 1524 statui
588 1484 718 1535 possit
745 1483 982 1522 videbimus.
1042 1483 1159 1531 Quod
1202 1467 1299 1523 vero
1337 1484 1441 1523 idem
1483 1483 1628 1523 eodem

161 1557 254 1597 loco
269 1548 455 1597 Vossium
484 1559 647 1596 secutus
679 1554 730 1604 de
752 1553 856 1595 'Hist
875 1554 1018 1595 Graec.
1046 1566 1138 1608 pag.
1153 1555 1249 1596 408.
1285 1566 1337 1596 ex
1365 1555 1497 1596 Tzetz.
1528 1556 1626 1596 Chii.

163 1629 242 1669 vii.
277 1640 313 1669 v.
345 1627 440 1669 648.
473 1626 609 1684 [647.]
667 1626 917 1680 Protagorae
955 1626 1098 1671 librum
1143 1628 1240 1680 περὶ
1269 1629 1532 1678 θαυμαστῶν
1563 1628 1630 1668 ἰη-

159 1702 348 1757 scriptum
382 1701 543 1751 tribuit,
593 1699 634 1740 id
673 1710 756 1739 non
793 1699 930 1740 dubito
964 1699 1059 1752 quin
1088 1698 1229 1740 falsum
1261 1700 1325 1741 sit,
1387 1688 1634 1755 Protagoras*

159 1777 263 1815 enim
311 1787 334 1815 a
365 1774 510 1814 Tzetze
553 1777 798 1814 memoratus
839 1784 921 1813 non
968 1777 1030 1813 est
1067 1772 1247 1826 sophista
1289 1773 1511 1825 Abderita,
1553 1774 1627 1815 sed

157 1848 264 1887 idem
284 1859 377 1887 esse
404 1847 563 1887 videtur
577 1850 698 1898 atque
716 1845 993 1902 geographuS‚
1022 1845 1073 1884 de
1092 1856 1171 1898 quo
1194 1845 1271 1885 vid.
1290 1846 1505 1899 praecipue
1518 1846 1626 1886 Pho-

157 1921 200 1960 tii
230 1919 360 1959 locum
391 1918 458 1959 tib.
477 1918 504 1958 1.
536 1929 622 1971 cap.
640 1916 704 1958 111.
722 1917 954 1958 indicatum.
990 1917 1264 1971 Περιηγήτης
1293 1918 1438 1959 dicitur
1455 1931 1482 1960 a
1497 1919 1626 1960 scho-

156 1993 271 2033 liasta
303 1991 354 2031 ad
384 1991 422 2030 h.
453 1991 477 2031 1.
512 1990 689 2031 Cramer.
722 1990 878 2030 Anecd.
911 1989 990 2030 Ox.
1021 1993 1115 2029 tom.
1147 1988 1211 2029 111.
1244 2001 1334 2043 pag.
1364 1990 1458 2031 370.

559 2216 612 2263 Α.
681 2216 922 2279 Scripta
963 2216 1224 2280 physica.

884 2357 934 2400 1.,

513 2436 1084 2520 Ἀλήὲειριηῇψ,ἱστήερὶὼςτοῦ
1105 2447 1272 2507 ὄντος.
1290 2497 1292 2499 ,

270 2555 513 2610 Porphyrius
559 2557 663 2611 apud
706 2558 858 2600 Euseb.
897 2559 1036 2612 Praep.
1078 2571 1223 2613 evang.
1255 2559 1323 2600 lib.
1351 2559 1401 2601 X.
1448 2572 1535 2614 cap.
1569 2561 1622 2601 3:

158 2627 458 2684 Πρωταγόρου
501 2626 580 2683 γὰρ
624 2628 698 2671 τὸν
742 2633 840 2685 περὶ
881 2633 957 2673 τοῦ
1002 2626 1116 2680 ὄντος
1160 2632 1457 2684 ἀναγινώσκων
1503 2631 1625 2686 λόγον

155 2701 263 2761 πρὸς
292 2700 391 2751 τούς
420 2704 463 2744 ἓν
493 2700 537 2744 τὸ
565 2695 612 2743 ὂν
639 2703 877 2757 εἰσάγοντας
905 2701 1119 2752 τοιαύταις
1148 2702 1282 2746 αὐτὸν
1310 2702 1492 2760 εὑρίσκω
1507 2702 1625 2758 χρώ-

154 2790 283 2828 μενον
329 2774 628 2829 ἀπαντήσεσιν.
704 2776 816 2817 Ηυηο
863 2788 914 2817 ex
961 2778 1207 2830 Protagorae
1252 2769 1366 2819 libris
1411 2777 1623 2834 dele-ndum

159 2849 317 2891 censuit
344 2848 512 2891 Geelius
541 2861 634 2905 pag.
666 2848 743 2891 84:
789 2851 894 2904 „Sed
937 2853 1063 2905 potuit
1092 2850 1330 2906 Porphyrius
1359 2837 1621 2905 Protagoram
