1871 3204
753 110 1113 158 —169-

208 240 377 282 Socrate
422 239 463 279 in
491 238 623 292 Lyceo
671 238 974 292 colloquebatur
994 240 1119 288 (Plat.
1151 237 1318 290 Euthyd.
1350 248 1446 291 pag.
1481 235 1575 275 271.
1607 237 1662 286 Α)

203 316 333 352 tanto*
345 311 566 353 auditorum
595 312 797 365 applausu,
823 316 866 353 ut
893 323 1023 365 paene
1052 313 1169 353 etiam
1196 310 1317 365 Lycei
1347 309 1560 352 columnae
1587 319 1662 354 ac-

206 383 381 424 clamare
409 384 642 425 viderentur
669 393 781 437 (pag.
808 384 903 426 303.
922 384 989 434 Β).
1046 385 1179 437 Atque
1210 386 1264 425 ita
1291 384 1535 437 Protagoras
1557 392 1663 433 quo-

203 468 280 510 que
305 456 449 498 librum
479 454 578 508 περὶ
611 457 737 496 θεῶν.
761 456 802 496 ἰη
830 456 964 509 Lyceo
1005 457 1214 497 recitavit:
1255 468 1479 509 quanquam
1520 466 1659 507 parum

202 529 282 569 hoc
325 529 412 568 veri
457 528 587 568 simile
632 528 788 568 videtur
838 527 1053 568 Welckero
1104 540 1196 581 pag.
1235 527 1331 572 640.
1380 532 1517 569 annot.
1562 527 1659 568 325.
1705 514 1709 525 ²

203 600 394 653 Gorgiam
425 599 466 639 in
495 597 652 639 theatro
674 598 881 651 prodiisse
902 603 1050 639 narrat
1075 598 1254 639 Philostr.
1281 611 1372 652 pag.
1393 601 1489 641 482

277 670 572 724 Protagome
592 669 767 710 docendi
794 670 917 721 ratio,
958 682 1061 724 quae
1091 675 1131 711 et
1162 683 1184 710 a
1216 670 1457 718 Quintiliano
1489 671 1576 720 (lib.
1605 648 1657 712 X.
1747 702 1754 730 ξ

209 755 296 797 cap.
328 742 378 784 V.
409 748 445 793 §.
479 742 563 794 10)
591 746 632 783 et
660 753 683 782 a
714 742 912 783 Cicerone
941 742 1083 796 (Epist.
1109 742 1160 783 ad
1187 744 1267 785 Att.
1296 742 1363 782 lib.
1392 741 1458 783 IX.
1489 744 1659 794 4.)ma-

202 826 384 869 gnopere
398 815 596 866 laudatur,
626 817 806 867 quamvis
819 827 901 856 non
922 815 973 855 ad
993 816 1106 869 leges
1134 820 1215 856 tam
1246 818 1379 856 certas
1410 814 1657 856 conformata

202 887 450 942 fuerittquam
462 887 631 928 coracis
644 887 854 941 Tisiaeque
869 887 1085 939 rhetorica,
1102 892 1234 928 tamen
1249 888 1352 928 iusta
1367 891 1455 927 arte
1475 898 1555 927 non
1572 892 1659 928 erat

177 991 186 1004 .
207 960 421 999 destituta:
466 962 553 1012 ipse
599 962 705 1000 enim
747 961 884 1001 dicere
927 961 1110 1012 solebat,
1152 960 1250 1001 nihil
1288 971 1381 1001 esse
1418 971 1548 1013 neque
1588 971 1659 1001 ar—

201 1036 288 1073 tem·
310 1032 398 1072 sine
427 1032 714 1073 exercitatione
754 1043 886 1086 neque
928 1031 1259 1073 exercitationem
1300 1031 1390 1072 sine
1420 1035 1535 1071 arte:
1574 1032 1653 1071 vid.

200 1104 312 1146 Stob.
355 1105 405 1144 de
445 1101 605 1146 Assidu.
651 1106 777 1147 Serm.
809 1105 954 1146 xxix.
991 1117 1083 1159 pag.
1112 1105 1210 1147 206.
1259 1104 1323 1145 ed.
1366 1104 1504 1146 Aurei.
1544 1104 1660 1146 Allo-

200 1177 319 1232 brog.
352 1176 484 1233 1609:
529 1174 823 1232 Πρωταγόρας
864 1175 1006 1230 ἔλεγε,
1047 1177 1182 1232 μηδὲν
1220 1172 1325 1218 εἶναι
1366 1173 1473 1230 μήτε
1511 1177 1661 1229 τέχνην

199 1244 303 1289 ἄνευ
341 1251 515 1303 μελέτης
551 1246 659 1303 μήτε
697 1251 871 1303 μελέτην
910 1244 1012 1290 ἄνευ
1052 1251 1222 1304 τέχνης,
1266 1262 1381 1302 quam
1419 1250 1658 1291 sententiam

200 1321 353 1362 eisdem
395 1321 529 1367 verbis
572 1321 817 1376 Protagorae
857 1321 992 1362 tribuit
1029 1321 1068 1363 S.
1099 1320 1292 1362 Maximus
1337 1321 1401 1362 ed.
1446 1321 1656 1361 Combefis.

198 1398 293 1434 tom.
322 1393 500 1447 Κῆρας.
532 1394 629 1434 587.
683 1395 813 1445 Atque
844 1394 946 1445 -quid
983 1396 1118 1434 verius
1162 1395 1319 1436 hocce:
1366 1388 1545 1443 Φύσεως
1586 1394 1660 1435 καί

201 1464 699 1520 οἷσκήσεωςψδιδωσκαλιά
729 1466 890 1506 δεῖται·
947 1462 1020 1506 καί
1049 1462 1355 1521 ἅπὸψεότητος
1396 1466 1443 1507 δὲ
1474 1465 1658 1518 ἀρξαμέ-

200 1552 296 1586 νους
325 1538 415 1578 δεῖν
434 1537 676 1595 4μαιζὶιὲνειν
703 1538 794 1578 -Ῠ
834 1537 942 1590 quod
984 1539 1030 1579 ἐν
1054 1539 1116 1594 τῷ
1142 1535 1310 1593 μεγάλῳ
1353 1534 1459 1595 λόγῳ
1517 1537 1661 1578 Prota-

199 1621 340 1664 goram
370 1610 583 1662 scripsisse
622 1614 684 1650 est
720 1610 761 1651 in
792 1609 965 1658 Cramer.
994 1609 1347 1650 AnecdotsParis.
1379 1614 1473 1650 tom.
1502 1610 1530 1653 l.
1561 1621 1657 1663 pag.

204 1681 296 1722 171.
353 1682 560 1723 Nitebatur
589 1682 676 1723 eius
710 1682 917 1735 disciplina
947 1686 989 1722 et
1017 1682 1181 1735 ingenio
1210 1686 1251 1723 et
1270 1674 1449 1723 moribus
1472 1682 1656 1723 eximiis:

199 1766 291 1803 nam
317 1754 507 1795 sordidae
524 1756 730 1808 avaritiae,
761 1755 893 1798 inanis
921 1753 1046 1795 fastus
1073 1759 1115 1795 et
1143 1754 1354 1808 superbiae
1385 1754 1532 1796 nullum
1560 1767 1658 1796 cer-

199 1833 279 1869 tum
322 1831 485 1881 apparet
529 1828 752 1882 vestigium.
825 1829 876 1869 Ut
917 1828 1090 1869 fortasse
1133 1828 1329 1869 interdum
1374 1829 1545 1881 aliquem
1593 1830 1657 1871 sui

198 1911 377 1941 amorem
422 1899 767 1941 manifestaverit:
815 1912 935 1941 nemo
980 1900 1020 1940 id
1068 1895 1259 1953 magistro
1308 1902 1426 1941 tantis
1469 1902 1655 1942 laudibus

202 1972 427 2026 cumulato,
466 1973 516 2012 ab
560 1962 783 2014 auditorum
812 1973 964 2027 ingenti
991 1973 1238 2015 multitudine
1268 1974 1332 2026 pie
1362 1972 1466 2014 culto
1495 1967 1656 2014 crimini

199 2049 353 2086 vertat:
376 2049 520 2099 quotus
535 2046 639 2086 enim
656 2046 821 2099 quisque
836 2046 970 2087 talium
984 2046 1158 2087 virorum
1175 2045 1253 2086 hoc
1266 2046 1360 2086 vitio
1372 2047 1518 2086 vacat?
1536 2046 1656 2094 Quod

198 2129 298 2158 vero
316 2117 365 2158 ab
379 2117 574 2170 Eupolide
593 2118 634 2158 in
651 2117 858 2159 Κολάκων
891 2118 1016 2159 choro
1041 2119 1079 2159 in
1102 2130 1264 2159 scenam
1292 2117 1477 2159 inductus
1508 2123 1583 2170 est,
1614 2119 1656 2159 id

198 2189 357 2243 quidem
396 2189 496 2230 nihil
533 2201 612 2243 ego
642 2201 792 2231 moror.
848 2190 948 2232 Nam
976 2190 1082 2245 quod
1109 2189 1332 2232 Meinekius
1360 2190 1517 2244 Fragm.
1550 2202 1655 2232 com.

196 2264 342 2306 Graec.
372 2262 450 2304 vol.
480 2261 509 2303 Ι.
549 2274 642 2317 pag.
681 2263 773 2305 136.
804 2251 967 2317 praeter
994 2264 1176 2314 Calliam,
1206 2267 1391 2317 quantum
1421 2275 1444 2304 e
1473 2264 1657 2317 reliquiis

199 2332 360 2377 fabulae
388 2336 641 2391 intelligatur,
672 2337 848 2378 omnium
874 2339 1050 2392 maxime¹
1075 2337 1335 2391 Protagoram
1369 2348 1463 2378 esse
1492 2338 1542 2379 ab
1572 2337 1656 2379 Eu..

197 2409 333 2463 polide
358 2409 625 2462 perstrictum,
653 2408 695 2450 id
723 2420 775 2449 ne
805 2421 944 2451 verum
963 2411 1119 2464 quidem
1148 2415 1220 2450 est.
1242 2410 1456 2452 Plutarch.
1473 2411 1654 2464 Sympos.

196 2481 264 2522 lib.
294 2480 371 2522 Vll.
401 2486 496 2523 tom.
513 2481 559 2522 11.
589 2493 681 2536 pag.
711 2480 805 2522 699.
834 2481 872 2523 A
899 2487 939 2523 et
965 2482 1109 2524 Athen.
1139 2480 1209 2522 lib.
1237 2482 1267 2523 Ι.
1299 2495 1393 2537 pag.
1422 2485 1487 2525 22.
1518 2484 1548 2524 F
1574 2484 1651 2523 hac

196 2554 239 2595 in
268 2552 400 2594 fabula
428 2554 668 2609 Protagoras
684 2553 846 2594 Calliam
877 2554 928 2594 ad
959 2554 1175 2595 bibendum
1198 2556 1371 2597 incitans
1399 2559 1654 2607 memoratur,

196 2628 268 2669 ἵνα
308 2623 387 2681 πρὸ
423 2626 502 2668 ‘rofi'
542 2625 667 2676 κυνὸς
701 2624 776 2668 τὸν
816 2626 1012 2679 πνεύμον’
1049 2624 1220 2670 ἔκλυτον
1255 2630 1378 2686 φορῇ.
1445 2628 1653 2681 Diogenes

198 2700 266 2740 lib.
298 2698 434 2755 IX.-§.
465 2700 530 2741 50.
563 2700 766 2755 Eupolidis
795 2711 916 2740 versu
934 2694 1105 2742 Ἔνδοθι
1131 2704 1211 2754 μέν
1240 2704 1326 2744 ἐστι
1356 2698 1653 2755 Πρωταγόρας

199 2769 223 2812 ὅ
256 2772 382 2827 Τήϊος
420 2773 679 2828 Protagoram
721 2773 845 2815 fuisse
885 2773 953 2827 qui
992 2773 1130 2816 Teium
1171 2776 1351 2817 dicerent
1392 2774 1651 2817 demonstrat.

198 2843 342 2888 Athen.
371 2846 438 2888 lib.
469 2846 513 2888 V.
542 2858 634 2901 pag.
662 2847 754 2889 218.
784 2846 815 2887 C
855 2845 1029 2901 deniquo
1071 2849 1229 2889 nonnisi
1261 2846 1328 2889 τὸν
1357 2846 1652 2904 Πρωταγόραν
