1871 3204
132 2394 139 2423 *z
164 2401 355 2418 -ο-»κ

761 159 819 166 -
888 133 1083 181 64.—

217 258 324 300 alios
354 256 657 307 demonstravi,
700 256 819 298 ullum
858 267 951 306 esse
982 257 1146 298 omnino
1175 257 1263 299 eius
1290 267 1406 304 usum
1438 269 1491 301 eo
1520 258 1684 302 minima

216 336 280 372 est
304 334 502 383 negatum.
561 328 638 377 Qui
679 340 770 370 cum
810 333 895 370 tres
920 329 1121 382 admittat
1161 330 1449 382 interpretandi
1487 333 1683 383 rationes,

214 385 331 456 prout
359 395 420 448 εἷς
450 401 532 441 τῶν
559 401 837 452 τετρακοσίων
865 400 1043 455 explices
1072 400 1141 453 qui
1168 404 1263 442 tunc
1293 404 1385 442 erat
1410 401 1453 442 in
1471 403 1680 454 'quadrin-

210 474 337 526 yemis
366 477 434 512 aut
463 471 532 523 qui
561 484 701 511 eorum
728 484 895 512 numero
923 477 1016 512 ante
1037 471 1179 524 fuerat
1204 473 1431 525 ascriptus,
1461 478 1528 514 aut
1557 475 1679 516 deni·-

212 558 289 599 que
317 544 387 598 qui
413 544 466 586 iis
495 543 780 586 ascribebatur
806 549 976 598 postea.-
1003 550 1183 598 nostrum
1200 550 1263 587 est
1279 557 1367 587 eam
1384 546 1550 600 eligere,
1577 557 1681 600 quae

209 629 297 659 cum
316 608 415 659 *tota
445 617 692 671 Protagorae
724 617 891 659 historia
922 618 1070 671 optime
1101 617 1331 659 conveniat.
1370 616 1554 659 Omnium
1576 629 1678 660 vero

209 690 384 739 maxime
414 690 454 731 id
482 691 638 743 'cadere
665 692 707 731 in
738 690 869 743 illam,
910 704 1025 744 quam
1064 691 1229 743 primam
1259 691 1463 731 nominavi
1496 702 1679 744 quaeque

207 762 353 804 eadem
376 766 440 804 est
458 762 753 816 simplicissima
769 762 901 812 (cont.
915 763 1183 805 Hermannum
1200 775 1290 817 pag.
1308 762 1438 816 364),
1459 764 1512 805 ita
1533 768 1678 806 osten-

210 835 316 886 dam,
345 839 388 876 ut
413 835 510 875 411.
543 836 682 875 mortis
713 846 819 875 anno
848 837 981 888 posito
1012 848 1065 876 ne
1098 837 1299 877 minimam
1329 836 1488 890 quidem
1518 836 1684 878 inPro-·

207 912 378 962 tagorae
409 907 542 948 »rebus
583 907 835 961 exponendis
877 906 1164 954 difficultatem*
1191 913 1346 951 restare
1390 908 1674 952 demonstrem.

207 981 321 1029 Quae
347 991 573 1033 quanquam
602 992 684 1020 non
713 980 802 1020 talis
832 983 895 1020 est
926 981 1240 1034 argumentatio,
1267 991 1344 1034 qua
1374 981 1525 1022 firmior
1554 980 1686 1022 exhi-.-

205 1053 294 1095 beri
321 1057 522 1107 nequeat:
554 1065 647 1110 nam
676 1052 716 1093 id
742 1056 890 1094 tantum
924 1054 1085 1107 assequi
1111 1052 1307 1105 volumus,
1337 1054 1444 1107 quod
1465 1054 1677 1108 quominus

205 1138 346 1169 verum
376 1125 557 1166 dicamus
586 1125 683 1165 nihil
711 1126 761 1166 sit
793 1137 872 1179 quo
901 1126 1188 1179 impediamur:
1231 1130 1364 1166 tamen
1394 1137 1488 1166 num
1519 1126 1570 1166 de
1598 1126 1675 1167 bac

204 1210 278 1248 re,
319 1199 400 1239 nisi
428 1200 546 1239 novis
575 1198 744 1239 detectis
775 1198 980 1249 fontibus,
1022 1199 1172 1239 certius
1201 1198 1414 1252 quidquam
1449 1198 1676 1252 excogitari

205 1271 336 1324 possit
367 1282 418 1311 eo
447 1271 576 1323 magis
604 1281 683 1323 ego
716 1270 877 1322 dubito,
920 1282 1040 1323 quum
1078 1271 1195 1310 etiam
1224 1275 1402 1310 veterum
1434 1270 1675 1310 testimoniis

207 1346 249 1383 et
277 1342 356 1383 hac
386 1338 642 1396 paragrapho
689 1346 730 1383 et
766 1354 887 1395 supra
932 1343 1255 1383 commemoratis
1293 1347 1432 1383 nostra
1470 1342 1670 1383 sententia

208 1415 479 1456 confirmetur.
555 1414 681 1464 Quam
724 1419 767 1456 ut
805 1415 866 1455 eis
903 1426 1061 1468 quoque
1104 1426 1206 1468 quae
1245 1419 1464 1467 sequuntur
1503 1414 1698 1455 lectori-·

206 1488 282 1529 bus
322 1488 518 1541 probem,
547 1487 795 1542 Protagorae
840 1488 962 1528 vitam
998 1490 1054 1528 ita
1094 1487 1317 1538 enarrabo,
1354 1492 1396 1529 ut
1432 1499 1538 1528 anno
1574 1488 1672 1528 411.

204 1565 405 1602 mortuum
432 1564 629 1611 statuam,
676 1564 742 1612 et,
782 1559 824 1600 id
860 1559 966 1629 quod
998 1559 1097 1620 inde
1123 1552 1769 1609 consectariumW

164 1606 433 1626 ‚ww-⁶*

204 1644 335 1697 paene
364 1625 742 1691 septuagenarium
746 1632 900 1674 obiisse
932 1625 985 1672 ex
1009 1616 1187 1674 Platonis
1213 1632 1548 1686 Apollodorique
1551 1615 1680 1682 testi:

202 1706 350 1777 moniis
369 1717 468 1770 pag.
488 1704 556 1772 56.
575 1709 616 1745 et
631 1704 699 1745 57
721 1701 1118 1756 demonstravimus,
1124 1709 1259 1745 natum
1275 1715 1380 1768 anno
1397 1704 1558 1746 circiter
1573 1676 1699 1766 48Q

795 1873 1002 1907 CAPUT
1029 1871 1086 1907 V·

284 1990 287 1995 '
311 1985 558 2039 Protagoras
586 1985 719 2042 igitur,
746 1989 790 2026 ut
818 1997 921 2039 quae
952 1985 1083 2026 adhuc
1114 1985 1321 2026 consecuti
1349 1996 1483 2026 sumus
1514 1995 1565 2026 ex
1594 1995 1666 2025 su.

199 2055 428 2113 perioribus
458 2058 656 2111 capitibus
684 2059 854 2112 repetita
884 2057 1667 2140 comprehendamwo.

201 2137 316 2186 patre
344 2131 592 2191 Maeandrio
594 2131 784 2191 Abderis
799 2136 916 2172 natus
943 2136 1017 2173 est.
1054 2132 1117 2172 Ex
1145 2133 1278 2184 priore
1306 2132 1392 2172 eius
1422 2132 1527 2171 vitae
1544 2135 1694 2194 parte

230 2189 314 2197 ,Μ
324 2184 511 2194 *κω-..ψη-

148 2193 297 2245 “mihil
330 2204 495 2245 omnino
528 2187 790 2269 compertum
808 2179 1374 2260 haberniss-—fiu‘ffifffiilti
1361 2204 1666 2258 scriptorud

198 2275 431 2335 Democrito
452 2276 764 2334 philosophum
777 2288 839 2330 ex
858 2276 994 2327 baiulo
1022 2276 1182 2336 factum
1200 2280 1414 2335 narrant,
1415 2276 1503 2335 ad
1504 2275 1664 2342 fabulas

197 2337 404 2408 pertinet
413 2386 506 2398 mm.

341 2422 513 2464 Dicendi
558 2421 747 2463 facultate
790 2422 895 2463 inter
939 2422 1158 2464 Abderitas
1202 2422 1306 2463 adeo
1353 2420 1573 2472 excelluit,
1622 2424 1666 2463 ut

198 2498 280 2539 iam
309 2496 499 2548 Abderis,
526 2495 562 2537 si
590 2495 693 2537 fides
723 2495 920 2546 Aeliano,
948 2495 1091 2549 Λόγος
1118 2494 1406 2549 appellaretur:
1437 2494 1529 2536 Var.
1560 2495 1662 2536 illst.

192 2571 262 2615 lib.
294 2568 359 2610 lV.
392 2580 479 2620 cap.
508 2568 587 2609 20:
625 2564 719 2610 “On
750 2566 788 2609 οἱ
820 2568 1064 2621 Ἀβδηρῖται
1092 2564 1267 2608 ἐκάλουν
1294 2565 1368 2608 τόν
1398 2563 1663 2621 Δημόκριτον

196 2629 494 2700 Φιλᾶσοφιάν,
532 2638 606 2682 ’τᾶ-ν
635 2641 683 2682 δὲ
712 2638 1011 2694 Πρωταγόραν
1041 2637 1200 2692 Λόγον.
1255 2639 1508 2690 scholiastae
1537 2640 1661 2680 verba

194 2714 249 2755 ad
277 2713 373 2755 Plat.
401 2712 516 2764 Reip.
543 2710 611 2751 lib.
640 2711 689 2753 X.
723 2723 814 2765 pag.
847 2711 944 2756 600.
974 2712 1044 2752 C:
1076 2712 1168 2753 Καὶ
1203 2712 1366 2764 πρῶτος
1391 2710 1542 2764 λόγους
1570 2711 1661 2763 ἐρι-

192 2783 361 2835 στικούς
378 2779 501 2841 εὗρε,
530 2781 605 2825 καί
631 2783 788 2836 μισθὸν
818 2784 971 2838 ἔπραξε
1002 2782 1101 2840 τούς
1129 2781 1328 2837 μαθητάς
1358 2785 1466 2836 μνᾶς
1496 2778 1659 2837 ἑκατόν,

192 2857 261 2901 διὸ
292 2856 368 2900 καί
390 2855 606 2914 ἐπεκλήθη
635 2855 779 2910 Λόγος
803 2856 1012 2912 depromta
1042 2867 1136 2898 esso
1155 2856 1340 2899 videntur
1358 2868 1411 2898 ex
1424 2854 1548 2898 Suida
1566 2864 1605 2899 s.
1621 2868 1659 2897 v.
