1871 3204
703 147 1031 194 ...19—

123 278 430 333 octogesimum
478 288 604 331 usque
652 278 791 319 aetatis
839 283 1008 319 annum“
1051 278 1348 331 peregrinatum
1388 286 1481 316 esse
1527 277 1594 315 ait.

141 353 237 394 Eius
268 349 442 403 vestigia
463 350 840 402 presseruntClinto
872 355 913 391 et
929 350 1158 405 Kruegerus
1187 350 1289 391 Fast.
1318 349 1419 390 Hell.
1444 361 1480 389 a.
1500 348 1596 389 381.

141 425 325 465 Freretus
351 433 450 463 vero
480 420 560 462 σὺν
588 427 675 469 τοῖς
705 422 744 461 δ’
773 420 844 463 ἐπὶ
870 424 973 463 πᾶσι
999 433 1092 462 non
1128 434 1241 473 „cum
1282 422 1467 463 omnibus
1510 421 1596 461 istis

140 496 317 550 populis“
346 493 604 548 significare,
634 492 707 533 sed
732 491 811 533 σὺν
838 499 922 541 τοῖς
952 494 1003 534 ad
1036 493 1147 534 solos
1177 493 1430 534 referendum
1461 493 1594 545 Arpe-

143 568 337 623 donaptas
379 575 666 619 numerumque
696 564 843 606 mendo
873 565 1056 607 affectum
1089 577 1180 607 esse
1210 570 1320 607 recte
1349 568 1507 620 quidem
1527 568 1595 607 in-

138 642 313 683 tellexit:
347 640 476 680 minus
506 642 617 679 recte
646 639 885 680 emendavit.
945 639 1040 680 Cum
1074 640 1178 679 enim
1208 640 1325 680 Diod.
1355 640 1432 681 Sic.
1462 639 1531 682 lib.
1561 639 1591 679 Ι.

140 724 228 766 cap.
257 710 426 753 Xcvnl.
464 714 503 760 §.
532 709 570 750 3.
595 706 959 762 ςΥπολαμβιπῖιιουσι
990 711 1036 752 δὲ
1077 709 1151 751 καί
1190 709 1452 765 Δημόκριτον
1492 712 1591 764 παρ’

137 786 278 833 αὐτοῖς
301 785 407 840 (τοῖς
434 783 708 837 Αἰγυπτίοις)
736 780 808 837 ἔτη
837 784 1060 837 διατρῖψαι
1087 785 1206 825 πέντε
1236 783 1366 835 dicat,
1403 795 1476 836 pro
1517 783 1593 835 ὀγ-

130 852 323 896 δώκοντα
354 855 457 907 apud
493 853 733 895 Clementem
764 854 974 908 legendum
1005 867 1096 897 esse
1124 858 1242 897 πέντε
1269 856 1469 908 persuasit
1494 855 1590 895 mihi

124 926 472 982 'Pappencordtius
516 926 567 968 de
610 928 766 968 atomio.
821 927 947 969 doctr.
993 939 1101 982 spec.
1139 928 1168 968 l.
1209 938 1302 981 pag.
1344 926 1393 967 10
1414 957 1426 977 ,
1476 927 1589 966 cuius

138 999 458 1039 emendationem
505 999 735 1039 Muttachius
771 985 870 1052 pag.
918 1000 981 1040 19.
1032 1001 1086 1039 ita
1131 999 1327 1051 exhibet,
1374 1004 1418 1039 ut
1461 1000 1589 1050 ipsum

134 1073 302 1126 primum
346 1073 432 1113 eius
477 1076 681 1113 auctorem
726 1071 850 1114 fuisse
893 1076 1021 1125 putes.
1095 1069 1437 1124 Pappencordtius
1484 1071 1591 1111 enim

136 1145 240 1198 apud
268 1145 536 1186 Democritum
573 1156 652 1186 nec
697 1146 818 1186 πέντε
847 1155 980 1196 neque
1020 1141 1259 1194 ὀγδώκοντα
1296 1143 1455 1196 integro
1494 1154 1592 1183 ver-

137 1216 191 1258 bo
236 1218 423 1271 scriptum
461 1217 584 1258 fuisse
620 1217 755 1271 putat3
798 1215 872 1257 sed
912 1215 1071 1269 signum
1103 1217 1148 1257 11
1170 1246 1183 1268 ,
1223 1226 1301 1269 quo
1338 1216 1379 1256 in
1420 1215 1591 1269 antiquis

137 1290 381 1330 Graecorum
429 1290 695 1329 monumentis
714 1319 726 1340 ‚
784 1288 915 1340 qualia
961 1288 1119 1339 fuerunt
1165 1289 1384 1329 Democriti
1430 1290 1592 1341 scripta,

135 1362 258 1402 πέντε
289 1359 430 1411 (confi
452 1360 587 1401 Matth.
628 1372 794 1414 gramm.
826 1372 888 1414 gr.
919 1364 1013 1401 tom.
1042 1360 1071 1402 Ι.
1111 1372 1204 1415 pag.
1238 1361 1305 1402 24.
1345 1365 1480 1404 annot.
1510 1362 1589 1413 4.),

134 1434 360 1485 posteriore
390 1445 488 1473 vero
517 1437 648 1473 aetate
688 1430 942 1486 ὀγδοήκοντα
972 1435 1055 1488 (π’)
1079 1433 1392 1487 significabatur.
1445 1435 1590 1474 Cetera

137 1509 267 1546 autem
309 1504 424 1546 huius
466 1504 547 1546 loci
590 1504 716 1545 verba
756 1503 803 1544 H.
838 1503 978 1544 Ritteri
1020 1504 1065 1544 L.
1096 1505 1259 1546 Prelleri
1305 1505 1396 1546 hist.
1440 1505 1588 1558 philos.

134 1579 432 1621 Graeco—Rom.
457 1579 715 1619 annotatione
740 1589 832 1632 pag.
851 1577 917 1619 42.
948 1579 1003 1619 ita
1031 1583 1122 1620 sunt
1147 1579 1354 1621 restituta:
1384 1580 1589 1634 Ἀρπεδο-

131 1651 300 1704 νάπται,
327 1649 409 1693 σύν
438 1656 542 1693 τοῖσι
568 1651 630 1693 ἐπ’
660 1648 756 1692 ἔτεα
784 1651 903 1693 πέντε
931 1646 1143 1706 ἐγενόμην.

244 1724 326 1764 Iam
357 1736 459 1775 quae
491 1724 852 1775 sequiturFrereti
879 1724 1134 1764 ratiocinatio
1168 1726 1342 1765 omnium
1378 1730 1439 1766 est
1472 1725 1588 1765 vilis-

131 1796 243 1837 sima.
274 1782 495 1848 FaciamuS,
516 1796 652 1849 inquit,
667 1796 951 1849 Democritum,
978 1800 1112 1839 natum
1142 1810 1215 1851 „au
1236 1797 1321 1852 plus
1338 1797 1449 1839 tard“
1479 1808 1586 1838 anno

130 1868 239 1918 494,
268 1869 396 1911 virum
428 1868 553 1908 fuisse
581 1869 742 1921 triginta
781 1869 956 1921 quinque
983 1870 1047 1909 vel
1080 1870 1345 1923 quadraginta
1376 1882 1585 1920 annorum,

132 1953 222 1982 cum
263 1941 301 1981 in
343 1940 622 1995 discipulorum
657 1951 862 1981 numerum
903 1941 1104 1994 reciperet
1142 1942 1431 1997 Protagoram,
1475 1942 1584 1983 hunc

131 2025 231 2054 vero
262 2025 408 2054 novem
438 2012 503 2053 vel
531 2012 672 2052 decem
702 2013 817 2052 annis
845 2017 936 2065 post
964 2024 987 2052 a
1015 2014 1207 2067 magistro
1234 2015 1400 2066 eiusque
1430 2012 1581 2054 scholis

133 2086 367 2128 divertisse:
400 2084 614 2138 discipulus
631 2088 717 2126 erat
728 2085 967 2139 Protagoras
984 2086 1034 2126 ab
1055 2097 1160 2127 anno
1180 2086 1266 2127 fere
1284 2086 1380 2127 460.
1402 2085 1454 2126 ad
1486 2084 1583 2127 450.

131 2162 228 2201 Cum
247 2171 345 2200 vero
361 2163 538 2199 mortuus
556 2159 606 2198 sit
622 2170 749 2211 paene
776 2160 1107 2212 septuagenarius
1138 2164 1343 2212 artemque
1359 2160 1587 2199 exercuerit

128 2232 215 2286 plus
244 2232 507 2286 quadraginta
537 2242 691 2282 annos,
722 2242 831 2271 mors
864 2232 951 2272 eius
978 2243 1054 2283 „au
1086 2231 1233 2285 pintot“
1265 2232 1407 2273 incidit
1435 2233 1476 2273 in
1507 2244 1587 2272 an-

126 2318 220 2346 num
248 2304 417 2347 410.—
440 2305 525 2353 Qua
553 2305 593 2344 in
622 2305 968 2356 argumentatione
998 2305 1093 2358 quid
1121 2306 1216 2346 insit
1244 2305 1439 2346 firmitatis
1467 2306 1584 2358 equi-

126 2379 217 2419 dem
247 2391 325 2433 ego
344 2391 426 2420 non
441 2378 575 2420 video.
607 2377 732 2426 Quam
758 2378 865 2418 enim
893 2390 1024 2433 vagae
1053 2384 1141 2421 sunt
1169 2381 1428 2422 coniecturae
1458 2381 1583 2422 istae:

125 2452 394 2504 „Supposons‚
426 2464 503 2504 quc
532 2452 773 2501 De'mocrite‚
804 2452 856 2491 ne
873 2464 925 2492 au
943 2452 1031 2510 plus
1061 2453 1150 2493 tard
1182 2466 1232 2493 en
1260 2454 1357 2503 494,
1386 2456 1452 2494 eut
1470 2458 1584 2493 tren-

124 2524 278 2576 te-cinq
308 2525 335 2565 ὰ
362 2528 561 2577 quaranta
589 2536 661 2565 ans
693 2523 870 2577 lorsqu'il
902 2524 1097 2566 s'attacha
1132 2526 1155 2566 a
1186 2526 1353 2568 cultiver
1371 2526 1431 2566 {es
1454 2526 1581 2567 talens

86 2609 90 2611 ’
121 2597 298 2638 naturels
327 2598 378 2638 du
404 2599 530 2650 jeune
559 2598 777 2651 Protagore
796 2627 810 2646 ,
849 2602 891 2638 et
927 2598 1114 2656 donnons
1141 2599 1244 2652 neus
1272 2603 1328 2640 ου’
1355 2599 1426 2640 da'oe
1452 2610 1525 2640 ans
1555 2600 1578 2638 a

121 2674 227 2711 cette
257 2670 516 2720 educationsst
574 2670 758 2727 Accedit,
787 2664 909 2723 qdod,
939 2672 974 2712 si
1004 2684 1056 2713 ex
1087 2673 1136 2713 iis
1164 2673 1293 2725 annis,
1324 2671 1464 2726 quibus
1490 2673 1575 2713 De-

120 2742 329 2782 mocritum
368 2747 503 2783 natum
544 2743 705 2784 tradunt
735 2743 972 2795 scriptores,
1017 2756 1138 2785 unum
1168 2744 1353 2785 Freretus
1381 2743 1573 2784 exhibere

120 2813 274 2865 voluit,
325 2814 454 2867 magis
500 2825 590 2854 cum
635 2814 756 2867 ipsius
800 2813 958 2854 ratione
1004 2816 1263 2855 convenisset
1308 2826 1451 2854 annum
1495 2814 1574 2853 eli-

116 2896 219 2939 gere
263 2886 356 2928 50‘9.
399 2886 465 2928 vel
504 2887 614 2939 510,
661 2899 778 2940 quam
817 2885 914 2927 494.
987 2887 1085 2929 Nam
1122 2900 1194 2941 per
1234 2892 1354 2928 totam
1390 2886 1572 2940 disputa-
