1871 3204
813 147 1176 192 —108—

267 270 431 325 clitique
460 270 655 311 sententia
699 269 904 310 dissimilia
937 270 1194 310 dissimilibus
1226 270 1367 310 sentiri
1398 271 1480 323 ait,
1522 281 1603 311 non
1633 280 1731 310 vero

265 344 409 385 similia
454 341 677 392 similibus,
716 342 806 395 quia
850 343 1016 383 omnino
1059 342 1201 382 similia
1241 341 1435 382 similibus
1475 342 1581 384 affici
1624 343 1731 384 null-o

262 417 382 457 modo
422 418 582 467 queant.
623 415 885 469 Protagoram
918 426 1033 466 vero,
1062 419 1105 455 ut
1132 415 1417 465 Democritum,
1444 418 1592 455 tantum
1623 417 1731 457 simi·
1791 412 1793 414 ’

265 488 317 528 lia
347 487 540 527 similibus
566 487 717 540 percipi
744 489 954 536 statuisse,
995 491 1111 539 atque
1140 498 1228 528 cum
1258 487 1427 527 fluerent
1452 498 1520 527 res
1547 487 1728 527 sensibi-

263 560 338 611 les,
366 560 485 600 etiam
505 571 650 601 sensus
682 565 941 601 moverentur
968 571 1140 601 necesse
1169 571 1284 600 esse:
1314 561 1426 600 cuius
1454 560 1513 600 rei
1542 560 1584 599 in
1613 560 1730 600 testi-

257 633 433 672 monium
481 637 602 673 vocat
644 633 849 687 Philoponi
894 634 1019 674 verba
1064 632 1114 673 ab
1144 632 1330 673 Herbstio
1362 644 1452 686 pag.
1488 632 1579 671 115.
1610 631 1729 672 exhi-

259 704 369 744 bitaz
419 704 512 745 Τῶν
553 701 636 757 γάρ
680 696 941 758 πραγμάὲων
985 705 1029 746 ἐν
1066 704 1223 758 κινήσει
1264 698 1397 745 ὄντων
1438 704 1525 744 δεῖν
1566 705 1639 744 καί
1675 700 1729 744 τὸ·

257 777 486 827 γιγνῶσκον
516 773 567 816 τοὶ
606 775 836 829 πράγματα
875 777 919 815 ἐν
948 774 1104 830 κινήσει
1149 772 1284 831 εἶναι,
1322 774 1391 816 ἵνα
1420 775 1729 829 συμπαραθὲον

258 846 404 896 αότοΐς
435 845 680 903 ἐφάπτηται
712 845 785 889 καὶ
812 846 1036 904 ἐφαρμόζῃ
1070 848 1239 897 αὐτοῖς·
1296 846 1340 890 τὸ
1371 845 1451 902 γάρ
1479 842 1611 896 ἑστώς
1639 847 1729 895 πῶς

263 915 318 959 ἄν
347 921 464 972 γνοίη
492 916 537 960 τὸ
572 919 841 971 revomentem
901 919 987 968 Qua
1032 920 1072 960 in
1115 931 1161 960 re
1201 932 1350 962 vereor
1387 933 1439 961 ne
1477 920 1726 974 Hermannus

265 992 497 1033 auctoribus
528 979 629 1045 quos
658 996 820 1033 secutus
861 996 924 1032 est
964 992 1126 1033 nimium
1171 993 1364 1034 tribuerit.
1422 994 1590 1036 Primum
1621 993 1726 1033 enim

261 1076 394 1116 neque
438 1065 705 1117 Theophrasti
751 1065 803 1104 de
850 1064 1050 1105 Heraclito
1095 1067 1366 1107 testimonium
1410 1066 1451 1106 in
1497 1066 1725 1106 universum

266 1136 431 1187 valere,
472 1148 604 1189 neque
635 1141 797 1188 praeter
826 1136 1086 1190 Protagoram
1115 1137 1239 1178 solius
1271 1138 1490 1178 Democriti
1527 1138 1728 1190 proprium

266 1219 360 1248 esso
390 1209 575 1260 placitum
615 1208 739 1256 illud,
782 1209 860 1249 iam
893 1208 1070 1249 Zellerus
1098 1210 1247 1249 monuit
1282 1209 1372 1249 libri
1401 1209 1451 1249 de
1481 1208 1727 1250 Graecorum

259 1280 514 1333 philosophia
555 1281 651 1321 editi
681 1285 775 1321 tom.
810 1281 838 1321 1.
871 1292 962 1333 pag.
1000 1282 1107 1322 258:
1151 1282 1255 1334 „Das
1295 1282 1478 1322 Letztere
1519 1281 1723 1332 indessen‚

262 1364 381 1392 wenn
414 1364 458 1394 es
487 1353 592 1394 auch
619 1352 869 1406 Theophrast
897 1357 1012 1406 sagt‚
1063 1353 1115 1394 ist
1144 1353 1249 1394 doch
1286 1353 1503 1394 hochstens
1532 1366 1608 1395 nur
1632 1353 1726 1394 halb

259 1425 385 1477 wahr‚
416 1425 523 1466 denn
553 1426 626 1466 das
656 1425 923 1479 Aligemeine‚
957 1426 1234 1478 das.Urfeuer‚
1269 1426 1438 1467 erkennt
1469 1426 1542 1467 der
1558 1426 1724 1467 Mensch

261 1498 365 1538 eben
390 1499 599 1552 -vermoge
642 1499 778 1538 seiner
820 1498 1148 1551 Gleichartigkeit
1186 1500 1256 1539 mit
1300 1499 1373 1540 der
1409 1499 1526 1546 Seele
1558 1499 1642 1550 (Fr.
1669 1498 1724 1539 40

262 1570 328 1611 bei
356 1569 705 1611 Schleiermacher
736 1569 854 1610 WW.
884 1568 957 1620 ΙΙΙ,
990 1571 1033 1623 2,
1065 1569 1133 1610 93.
1162 1570 1241 1623 vgl.
1272 1570 1363 1611 ebd.
1393 1570 1433 1613 S.
1466 1567 1603 1622 1362„
1644 1564 1727 1612 tffld

263 1643 336 1683 der
367 1644 486 1693 Satz‚
517 1641 702 1682 welchen
733 1642 977 1695 Protagoras
1005 1631 1313 1683 mit'Demokrit
1335 1643 1499 1696 gemein
1528 1643 1619 1694 hat,
1647 1655 1726 1697 ge-

260 1715 354 1755 nart
377 1714 489 1755 nicht
517 1703 672 1754 diesem'
699 1713 819 1755 allein
852 1726 929 1755 an:
958 1724 992 1755 s.
1015 1714 1137 1754 Arist.
1167 1713 1217 1754 de
1235 1714 1312 1755 An.
1343 1713 1371 1755 1.
1404 1715 1441 1756 2.
1472 1712 1569 1767 404,
1595 1715 1633 1766 b,
1662 1719 1726 1759 8.“

261 1788 343 1829 Sed
376 1787 535 1827 accedit
564 1787 672 1841 quod
705 1786 903 1827 dixeritne
934 1797 1104 1827 revera
1136 1786 1379 1840 Protagoras
1409 1787 1552 1827 similia
1583 1787 1728 1828 simili-

261 1860 338 1900 bus
364 1863 515 1899 tantum
544 1859 695 1912 percipi
726 1869 974 1912 magnopere
1006 1869 1085 1912 ego
1109 1858 1269 1900 dubito.
1325 1858 1464 1912 Neque
1494 1859 1599 1900 enim
1637 1859 1727 1901 aliis

265 1933 345 1973 hoc
389 1943 490 1984 quos
533 1932 657 1972 sciam
698 1932 938 1983 scriptorum
981 1930 1082 1971 locis
1127 1936 1296 1994 apparet!
1331 1943 1463 1985 neque
1504 1932 1724 1985 Philoponi.

262 2005 361 2047 Nam
391 2005 453 2045 bis
488 2008 597 2044 certe
628 2004 786 2044 verbis:
824 2001 879 2044 Τὸ
910 1998 989 2057 γᾶρ
1020 1999 1152 2052 ἑστώς
1180 2005 1269 2053 πῶς
1296 2000 1351 2045 ἂν
1375 2003 1490 2059 γιοιή
1511 2002 1554 2045 td
1587 1992 1729 2045 κὶνοό-

260 2091 415 2130 aevom
450 2078 608 2118 etiamsi
636 2077 883 2130 Protagorae
911 2088 1004 2117 esse
1037 2076 1261 2117 contendas
1289 2077 1416 2129 (quod
1446 2076 1605 2130 quidem
1632 2078 1728 2119 mihi

263 2150 511 2203 persuadere
538 2161 627 2191 non
659 2161 845 2203 possum:
875 2149 995 2190 immo
1029 2148 1080 2189 de
1107 2160 1182 2190 suo
1210 2148 1452 2203 Philoponus
1481 2149 1658 2201 addidit,
1685 2154 1729 2191 ut

265 2224 511 2277 Protagorae
559 2223 799 2264 sententiam
848 2222 1097 2275 explicaret)
1144 2233 1227 2263 non
1267 2222 1467 2264 indicatur
1511 2222 1729 2265 similitudo

266 2296 395 2349 aliqua
425 2308 615 2337 sensuum
646 2307 860 2348 rerumque
887 2294 1150 2347 sensibilium,
1179 2295 1253 2336 sed
1283 2295 1480 2350 congredi
1501 2306 1584 2336 uon
1603 2307 1727 2349 posse

266 2379 409 2409 sensus
441 2381 530 2409 cum
558 2369 681 2410 rebus
713 2367 937 2409 sentiendis
968 2378 1099 2421 neque
1139 2368 1235 2408 ideo
1274 2368 1361 2409 fieri
1399 2379 1586 2408 sensuum
1628 2367 1729 2409 affe-

269 2440 442 2493 ctiones,
470 2442 504 2482 si
539 2442 660 2483 rebus
687 2441 900 2483 fluentibus
929 2452 1074 2483 sensus
1102 2442 1186 2483 suis
1212 2440 1314 2482 locis
1346 2439 1570 2483 haererent.
1612 2441 1729 2491 Quod

269 2526 370 2556 vero
411 2515 462 2554 de
489 2514 646 2567 Cratylo
678 2515 834 2567 profert
863 2515 1141 2555 Hermannus:
1184 2513 1343 2566 „Schon
1377 2513 1519 2555 Plato’s
1544 2514 1730 2568 Kratylus

267 2598 377 2630 muss
407 2585 479 2627 auf
505 2585 584 2626 den
613 2586 878 2628 Unterschied
908 2586 1050 2628 beider
1080 2586 1241 2637 liihren,
1267 2584 1400 2626 indem
1432 2585 1522 2627 dort
1552 2585 1625 2627 der
1643 2586 1729 2626 He·-

266 2660 457 2701 racliteer
484 2657 669 2710 Kratylus
695 2659 849 2712 gerade
883 2660 956 2700 das
979 2657 1218 2713 Gegentheil
1248 2669 1328 2697 von
1358 2657 1447 2698 dem
1470 2658 1729 2711 Protagorei-

266 2732 393 2774 schen
425 2732 545 2773 Satze
576 2729 825 2783 behauptet.“
857 2756 911 2765 --
954 2731 1006 2772 de
1047 2731 1125 2772 hoc
1168 2740 1327 2783 quoque
1369 2734 1604 2786 argumento
1646 2740 1725 2785 ego

265 2818 348 2848 non
381 2818 543 2859 possum
575 2804 670 2858 quin
703 2803 846 2846 Zelleri
879 2807 1004 2847 verba
1033 2806 1057 2846 l.
1090 2806 1115 2845 l.
1148 2815 1235 2845 mea
1267 2803 1436 2845 faciam:
1467 2804 1589 2856 „Was
1620 2804 1725 2844 end-

267 2878 346 2920 lich
377 2878 482 2920 noch
512 2880 659 2933 gesagt
690 2876 806 2929 wint,
840 2876 911 2919 der
940 2877 1188 2920 Heracliteer
1215 2876 1399 2931 Kratylus
1429 2875 1628 2931 behaupte
1660 2876 1728 2921 bei
