1871 3204
804 111 1158 163 -4134—

252 243 452 286 tellectum
482 253 574 283 esse
604 242 838 293 perspicias,
866 240 945 282 duo
977 242 1181 294 sophistae
1213 242 1374 287 inventa
1403 242 1474 282 hist
1493 241 1629 282 verbis
1656 240 1709 288 ita

257 317 475 369 compo-sita
525 313 755 354 exhibuisse
776 343 788 363 ‚
839 306 952 365 quasi
999 324 1117 353 unum
1162 298 1352 365 'idemque
1401 313 1708 366 significaretur.

255 388 341 436 Quo
368 386 453 426 fieri
482 385 622 437 potuit,
651 388 706 434 ut,
736 396 825 424 cum
851 388 1019 436 uterque
1049 385 1181 428 omnia
1202 384 1399 438 Diogenis
1426 383 1552 425 verba
1576 385 1708 428 inter-

249 446 394 511 pretari
418 457 647 507 videretur,
676 457 924 499 Hermannus
951 445 1125 511 priorem
1156 461 1304 498 tantum
1332 458 1597 507 sententiam,
1626 457 1704 497 Pe-

248 531 445 572 tersenius
490 530 757 584 posteriorem
795 534 943 578 tantum
981 529 1210 584 explicaret.
1269 529 1411 570 Verbis
1437 525 1706 582 ,καιροῦ-δυ’-

244 619 368 653 ναμιν
396 600 561 652 ἐξέθετο
594 605 697 643 enim
726 605 767 644 in
798 605 927 655 libro,
964 604 1071 644 unde
1104 603 1199 644 hoc>
1220 603 1354 651 hausit
1380 603 1586 655 Diogenes
1616 603 1703 654 ipse

242 688 324 716 non
355 675 669 729 intelligenssid
698 677 912 720 indicatum
944 676 1066 718 fuisse
1097 681 1204 730 puto,
1234 675 1285 717 de
1312 686 1400 728 quo.
1419 663 1578 727 semper
1609 685 1701 715 mo-

242 758 342 786 nere
384 747 568 788 solebant
605 747 790 799 rhetores
830 748 1018 801 quodque
1049 749 1180 802 minus
1217 752 1329 789 recte
1359 741 1611 799 Petersenius
1651 745 1703 786 ad

243 819 358 860 locos
387 831 620 860 communes
651 823 799 860 tantum
827 821 1031 872 pertinere
1061 820 1203 861 voluit:
1233 825 1450 874 temporum
1468 821 1508 860 in
1528 806 1702 859 dicendo

242 892 455 945 diligenter
468 892 666 942 rationem
683 903 775 932 esse
793 891 1029 932 habendam.
1061 894 1191 945 Μέρη
1206 891 1366 945 χρόνον
1388 890 1555 947 διώρισε
1573 896 1704 932 autem

243 965 334 1019 quin
358 965 608 1006 Hermannus
636 969 746 1006 recte
776 964 1057 1018 interpretatus
1088 965 1140 1007 sit
1168 976 1247 1019 ego
1278 976 1358 1007 non
1388 966 1540 1006 dubito.
1582 964 1706 1018 Igitur

245 1043 464 1091 temporum
496 1049 654 1090 quoque
685 1038 953 1078 distinctionis
984 1038 1226 1091 Protagoras
1257 1038 1406 1090 primus
1433 1043 1573 1079 auctor
1603 1042 1702 1078 erat.

356 1110 540 1151 Modoss
572 1110 718 1151 deinde
748 1110 908 1151 dicendi
939 1110 1179 1164 Protagoras
1210 1110 1305 1150 fecit
1336 1115 1545 1163 quattuor,
1590 1114 1705 1163 prout

241 1187 307 1223 aut
324 1185 641 1236 interrogaretur
660 1187 726 1223 aut
741 1183 1054 1235 responderetur
1070 1188 1136 1224 aut
1154 1183 1357 1223 iuberetur
1384 1187 1451 1222 aut
1478 1187 1699 1235 optaretur:

241 1254 470 1308 ἐρώτησιν,
497 1255 741 1308 ἀπόκρισιν,
769 1253 953 1308 ἐντολήν,
984 1254 1192 1308 εὐχωλήν,
1226 1267 1327 1307 quos
1356 1253 1454 1302 τοιῖς
1485 1257 1702 1307 πυθμένας

243 1325 377 1379 λόγων
415 1326 603 1367 vocabat.
636 1317 750 1367 VVid.
781 1328 899 1381 Diog.
937 1327 1064 1368 Laert.
1092 1327 1161 1369 lib.
1191 1327 1256 1369 lX.
1290 1335 1329 1379 §.
1360 1327 1440 1367 53:
1482 1330 1624 1369 Διεῖλέ
1661 1340 1703 1367 τε

242 1398 315 1439 τὸν
343 1396 463 1452 λόγον
493 1400 658 1452 πρῶτος
689 1401 749 1448 εἰς
778 1388 968 1454 ratinpa-
1029 1399 1238 1454 εὖχωλήν,
1270 1400 1490 1454 ἐρώτησιν,
1522 1396 1703 1452 ἀπόκρι-

242 1486 323 1519 σιν,
354 1470 548 1525 ἐντολήν·
607 1469 645 1511 οἱ
679 1473 724 1512 δὲ
753 1471 811 1519 εἰς
842 1468 975 1511 ἑπτά·
1033 1471 1237 1525 διήγησιν,
1269 1468 1494 1526 ἐρώτησιν,
1525 1469 1704 1523 ‹indupe-

243 1558 326 1595 σιν,
355 1542 532 1599 ἐντολήν,
563 1541 1069 1598 ἀπαγγελώιν,ἐιῖχωλὴν,
1099 1545 1257 1597 κλῆσιν·
1298 1539 1371 1592 οὓς
1390 1544 1463 1585 καί
1489 1545 1708 1596 πυθμένας

244 1613 335 1658 εἶπε
363 1613 508 1668 λόγων.
569 1617 711 1658 Suidas
740 1629 773 1657 s.
796 1630 834 1657 v.
864 1614 1173 1669 Πρωταγόρας·
1230 1618 1376 1659 Διεῖλέ
1403 1632 1446 1656 τε
1473 1615 1604 1656 πάντα
1634 1615 1706 1656 λό-

246 1703 317 1741 γον
346 1688 507 1741 πρῶτος
540 1681 661 1736 οὗτος
691 1688 751 1736 εἰς
780 1685 970 1743 ‘tantiqu-
996 1687 1200 1742 εὔχωλήν,
1231 1687 1447 1744 ἑραὶζησιν,
1477 1686 1707 1741 ἀπόκρισιν,

248 1759 439 1814 ἐντολήν·
496 1759 601 1812 μετὰ
634 1763 679 1801 δὲ
710 1762 855 1802 τοῦτον
885 1761 1019 1814 ἕτεροι
1046 1763 1106 1808 εἰς
1135 1756 1238 1801 ἑπτά
1269 1763 1423 1809 διεῖλον
1460 1766 1499 1801 et
1527 1774 1564 1813 q.
1593 1772 1705 1813 seqq.

228 1831 306 1872 ⁴Ex
335 1831 457 1872 Suida
488 1832 645 1885 repetiit
672 1831 851 1872 Eudocia
881 1831 907 1872 l.
941 1831 965 1872 l.
988 1828 993 1833 ’
1013 1831 1174 1881 Quintil.
1205 1831 1299 1879 inst.
1331 1831 1398 1873 lib.
1429 1831 1492 1874 111.
1524 1832 1702 1888 cap..lV.

245 1910 286 1954 §.
320 1906 399 1945 10:
441 1905 724 1957 „Protagoram
756 1911 955 1957 transeo‚'
984 1908 1050 1958 qui
1080 1906 1379 1958 interrogandi,
1416 1908 1702 1957 respondendi,

246 1976 484 2028 mandandi,
521 1976 736 2030 precandi,
774 1976 882 2031 quod
922 1975 1115 2033 εὐχωλήν
1146 1977 1267 2030 dixit,
1307 1982 1441 2032 partes
1477 1978 1584 2019 solas
1628 1991 1704 2032 pu-

245 2054 337 2091 tat.“
385 2050 499 2091 Conf.
530 2052 696 2092 Aristot.
727 2051 834 2091 Poet.
869 2054 1000 2092 locum
1032 2064 1123 2105 pag.
1158 2051 1248 2093 136.
1279 2052 1361 2092 ind.
1395 2076 1446 2083 —-
1476 2052 1617 2102 Multus
1646 2058 1707 2092 est

244 2123 466 2164 Herbstius-
483 2135 644 2165 errasse
662 2123 908 2165 Classenium
938 2124 1157 2178 explicans,
1188 2126 1254 2179 qui
1272 2126 1569 2178 grammaticam
1597 2124 1702 2166 hano

248 2196 541 2237 distinctionem
570 2201 704 2249 putet,
733 2210 850 2251 quum
874 2198 929 2238 sit
959 2210 1068 2238 mere
1096 2198 1323 2239 rhetorica:
1352 2210 1444 2252 pag.
1479 2198 1580 2238 144:
1611 2184 1703 2250 „Ich

250 2268 353 2309 habe
382 2270 470 2311 hier
501 2271 570 2311 mit
599 2270 770 2312 Absicht
797 2270 1125 2324 Imperativsatz‚
1156 2271 1266 2312 nicht
1296 2271 1511 2325 Imperativ—
1532 2275 1704 2329 gesetzt2

249 2341 341 2386 weil
370 2343 434 2383 ich
463 2336 572 2383 nicht
598 2343 872 2396 glaubeswas
905 2344 1070 2385 Classen
1098 2357 1135 2397 p.
1158 2344 1223 2385 29.
1255 2356 1294 2384 u.
1318 2344 1385 2384 30.
1416 2356 1467 2384 zu
1494 2344 1701 2385 beweisen

250 2413 383 2467 sucht,
415 2414 508 2456 dass
536 2416 594 2457 als
622 2417 735 2457 reine
769 2416 1070 2458 Verbalformen
1099 2429 1248 2466 unsere
1279 2421 1557 2470 sogenannton
1585 2417 1707 2468 Modi,

250 2487 491 2540 abgetrennt
517 2500 609 2529 vom
636 2490 755 2534 Satze
788 2490 935 2542 selbst,
980 2490 1108 2531 schon
1139 2502 1231 2531 vom
1262 2490 1501 2543 Protagoras
1530 2490 1705 2544 gedacht

249 2559 367 2610 sind3
404 2559 671 2613 wenigstens,
699 2557 817 2603 wen'n
843 2573 895 2603 'es
928 2564 1029 2604 auch
1056 2574 1249 2617 gewesen
1279 2562 1367 2608 sein
1394 2562 1523 2623 sollte,
1552 2563 1708 2603 scheint

251 2633 360 2674 diess
392 2633 468 2674 mir
493 2632 602 2674 nicht
631 2647 699 2676 aus
724 2636 844 2688 jener
875 2648 965 2687 vom
995 2637 1237 2690 Protagoras
1265 2636 1504 2688 gemachten
1522 2635 1707 2676 Einthei-

247 2706 345 2760 lung
373 2706 447 2747 der
475 2705 588 2747 Rede
616 2707 655 2746 in
686 2709 771 2748 vier
786 2709 954 2750 Weisen
987 2708 1333 2761 hervorzugehen.
1375 2708 1443 2750 Ich
1474 2707 1553 2747 will
1580 2707 1707 2760 nicht,

248 2782 358 2819 wiire
398 2779 460 2830 ich
500 2778 634 2832 gleich
667 2779 767 2819 dazu
806 2782 1059 2835 berechtigt,
1102 2781 1164 2821 sin·
1206 2781 1308 2821 mich
1350 2781 1572 2828 anfiihrem
1612 2779 1705 2820 dass

249 2864 367 2894 wenn
398 2852 500 2894 auch
528 2853 567 2894 in
582 2852 718 2907 Bezug
738 2853 807 2894 auf
819 2853 896 2896 den
909 2855 1151 2909 Protagoras
1180 2853 1283 2896 wohl
1314 2854 1383 2896 mit
1397 2850 1572 2896 Unrecht
1592 2853 1707 2904 (weil
