1871 3204
794 125 1149 169 -128—

243 246 441 288 videntur.
498 233 594 288 Nam
634 246 667 285 is
706 247 862 298 quidem
894 258 973 286 non
1015 249 1067 286 ita
1107 248 1351 299 potissimum
1395 232 1689 304 grammatic-am

243 319 489 360 auditoribus
514 318 597 357 suis
626 317 822 370 tradebat,
853 323 894 359 ut
922 320 1087 360 iuvenes
1115 321 1338 376 praeceptis
1370 319 1446 361 iltis
1476 304 1690 373 puerilibus

245 393 465 440 imbueret,
509 389 583 431 sed
625 401 675 430 eo
706 390 876 431 consilio
905 391 1030 431 virum
1060 387 1255 432 eruditum
1294 390 1390 444 περὶ
1417 393 1527 432 ἐπῶν
1556 391 1694 448 δεινὸν

246 474 336 504 esse
366 462 639 502 necessarium
671 461 867 513 ducebat,
908 468 979 516 ut,
1020 476 1107 505 cum
1147 464 1309 505 omnino
1340 464 1467 505 civem
1506 463 1613 508 omni
1633 450 1695 503 'ex

242 538 356 585 parte
397 534 595 574 excultum
643 535 808 575 deceret
850 535 942 587 quid
988 548 1084 575 suae
1127 537 1259 588 gentis
1296 537 1512 586 scriptores
1551 538 1691 587 protu-

239 604 381 646 lissent
411 605 687 662 cognovisse,
725 618 776 647 ex
815 611 1017 661 poetarum
1050 607 1166 650 dictis
1196 608 1312 649 etiam
1343 607 1383 649 in
1412 605 1584 648 dicendo
1616 614 1693 647 au-

240 679 466 731 ctoritatem
495 678 693 731 quandam
726 684 845 731 atque
873 685 1105 733 argumenta
1122 685 1306 733 repetere
1332 684 1508 732 possent.
1565 678 1691 727 Quam

240 749 507 803 sophistarum
537 749 868 806 consuetudinem
909 762 1031 805 saepe
1059 764 1081 792 a
1111 753 1275 794 Socrate
1307 750 1544 806 reprehendi
1573 750 1695 791 vide·

238 834 351 862 mus:
385 826 428 862 ut
457 821 615 861 Prodici
645 821 815 862 Axioch.
844 834 933 875 pag.
966 822 1060 863 367.
1091 824 1137 864 D.
1168 825 1198 864 E
1229 828 1269 864 et
1297 836 1333 877 q.
1365 835 1413 871 S„
1440 822 1560 875 Eryx.
1593 833 1686 874 pag.

235 893 330 934 397.
360 892 405 934 E.
458 893 649 935 Socrates
693 896 779 946 ipsc
809 893 964 934 Charm.
997 906 1087 947 pag.
1123 896 1212 940 161.
1245 897 1280 936 A
1318 895 1551 936 et-Phaedr.
1595 906 1686 946 pag.

236 963 330 1022 241.
362 966 395 1007 D
427 977 515 1005 cum
547 965 798 1006 cavillatione
830 965 969 1006 eadem
1014 966 1089 1006 hae
1132 968 1249 1008 utitur
1284 966 1585 1020 argumentandi
1615 978 1685 1006 ra—

237 1023 377 1090 tione,
407 1050 521 1092 quam
549 1037 661 1079 nihili
692 1050 785 1079 esse
814 1038 907 1079 dicit
937 1039 1090 1079 Charm.
1124 1026 1214 1092 pag.
1252 1039 1340 1082 161.
1368 1039 1424 1080 C:
1463 1051 1543 1080 non
1584 1039 1688 1082 enim

237 1111 280 1151 id
310 1122 402 1152 esse
429 1110 719 1164 spectandum,
748 1112 835 1164 quis
865 1111 1009 1152 dixerit
1039 1112 1209 1164 aliquid,
1241 1112 1313 1153 sed
1343 1116 1468 1153 utrum
1499 1123 1595 1151 vere
1623 1110 1689 1150 di-

235 1185 339 1225 xerit
367 1196 510 1225 necne.
547 1184 676 1237 Atque
706 1184 745 1224 id
775 1185 898 1236 ipsum
931 1183 1055 1225 fuisse
1084 1184 1239 1225 videtur
1267 1185 1436 1225 Platonis
1467 1184 1687 1233 consilium,

237 1266 316 1309 quo
347 1259 468 1295 totam
500 1254 604 1296 illam
642 1254 862 1297 Simonidei
894 1256 1087 1309 poematis
1115 1255 1427 1309 explicationem·
1446 1255 1537 1296 loco
1572 1266 1687 1307 quem

234 1328 354 1368 modo
382 1328 637 1368 tractavimus
669 1327 850 1368 inseruit.
908 1327 1145 1381 Protagoras
1175 1329 1278 1369 enim
1310 1340 1397 1369 cum
1436 1328 1514 1368 hoc
1553 1327 1688 1381 magni

233 1401 423 1441 momenti
453 1411 545 1441 esse
576 1399 755 1451 dixisset,
783 1404 825 1440 ut
852 1401 912 1444 vir
940 1400 1069 1440 bonus
1098 1401 1137 1440 in
1164 1404 1367 1453 poetarum
1399 1400 1516 1441 dictis
1544 1411 1684 1440 versa-

232 1478 295 1513 tus
323 1476 453 1513 esset:
488 1464 684 1513 socrates
713 1471 859 1512 nullam
889 1484 941 1511 ex
971 1471 1045 1511 illis
1075 1472 1199 1524 repeti
1236 1483 1356 1524 posse
1386 1471 1686 1524 argumentandi

235 1544 511 1584 auctoritatem
532 1542 808 1583 demonstrare
841 1546 1019 1593 conatur,
1049 1554 1163 1595 quum
1194 1542 1360 1583 eaedem
1390 1543 1479 1583 illae
1510 1542 1688 1596 argutiae

235 1615 549 1668 grammaticae,
593 1614 730 1666 quales
771 1614 1012 1667 Protagoras
1056 1613 1248 1656 adhibere
1290 1614 1418 1655 soleat
1462 1613 1512 1654 ad
1544 1607 1686 1667 poetae

233 1700 393 1729 sensum
422 1687 727 1740 exponendum,
772 1687 822 1727 ab
857 1686 936 1727 alio
979 1686 1084 1728 facili
1129 1687 1292 1742 negotio
1323 1688 1503 1741 usurpari
1533 1688 1692 1741 possint

233 1763 283 1804 ad
317 1762 433 1802 aliam
480 1773 531 1801 ex
576 1760 726 1801 eisdem
771 1761 905 1802 verbis
944 1761 1215 1802 extricandam
1254 1762 1501 1806 sententiam.
1568 1761 1684 1809 Quod

233 1839 276 1874 ut
306 1834 463 1887 planum
492 1833 625 1883 faciat,
653 1837 860 1884 postquam
877 1833 1117 1886 Protagoras
1145 1833 1195 1873 de
1224 1844 1343 1886 prava
1362 1834 1548 1874 carminis
1570 1845 1686 1873 ‹eoin-

234 1907 438 1960 positione
470 1905 684 1956 disseruit,
711 1905 851 1946 eadem
887 1907 1043 1947 ratione
1072 1911 1187 1947 utens
1217 1907 1405 1947 Socrates
1431 1918 1587 1959 quoquc
1618 1907 1684 1945 in-

233 1983 485 2032 terpretatur.
519 1978 702 2031 Speciem
721 1977 878 2030 quidem
909 1978 1084 2018 veritatis
1112 1978 1306 2031 quandam
1336 1978 1545 2030 utriusque
1567 1978 1686 2017 habet

232 2053 474 2105 explicati03
505 2055 670 2105 uterque
701 2050 914 2092 nonnullos
941 2051 1206 2101 nanciscitur,
1238 2051 1378 2104 quibus
1407 2062 1517 2091 suam
1544 2051 1685 2103 probet

231 2124 343 2173 (vid.
384 2135 474 2177 pag.
505 2123 602 2164 339.
634 2124 694 2173 Ι),
733 2121 828 2164 341.
860 2124 949 2173 Ο);
999 2127 1170 2163 attamen
1206 2127 1343 2163 neutra
1383 2127 1444 2163 est
1482 2135 1590 2163 vera.
1629 2148 1682 2154 —

233 2196 345 2245 Quae
375 2196 571 2237 sententia
602 2199 740 2247 nostra
762 2196 884 2249 ipsius
899 2196 1073 2237 Socratis
1090 2195 1329 2249 verbis‘pag.
1346 2194 1683 2238 347.rc-348.A

232 2269 453 2311 luculenter
482 2269 762 2310 confirmatur:
792 2270 887 2322 qui,
918 2273 1122 2322 postquam
1155 2269 1456 2322 disputationem
1487 2281 1597 2309 suam
1631 2270 1681 2310 ad

230 2340 347 2381 finem
374 2341 556 2394 perduxit
580 2344 698 2393 atque
716 2340 793 2381 iam
806 2340 966 2393 Hippias
985 2352 1142 2393 quoque
1164 2340 1277 2381 aliam
1309 2339 1359 2380 de
1387 2352 1460 2381 suo
1493 2352 1682 2393 exprom-

230 2418 342 2454 turus
370 2417 444 2463 est,
475 2412 685 2466 colloquiis
707 2413 805 2467 περὶ
830 2405 1029 2469 ᾀὰμάτων
1063 2411 1140 2454 καὶ
1160 2414 1270 2454 ἐπῶν
1297 2412 1373 2453 iam
1405 2413 1519 2453 linem
1552 2415 1680 2468 impo-

230 2485 406 2527 nendum
442 2496 533 2524 esse
563 2490 724 2536 censet,
763 2485 907 2538 quippe
938 2497 1040 2539 quae
1071 2498 1152 2526 non
1179 2486 1258 2526 sint
1284 2486 1455 2526 virorum
1480 2499 1581 2527 >vere
1609 2500 1680 2528 sa-

227 2559 433 2613 pientium.
478 2556 525 2596 Ei
557 2558 660 2609 enim
690 2558 730 2598 in
758 2557 968 2611 colloquiis
998 2558 1081 2600 suis
1116 2557 1239 2599 οὐδὲν
1267 2557 1428 2599 δέονται
1457 2554 1681 2612 ἀλλοτρίας

222 2632 371 2686 φωνῆς
399 2627 499 2669 οὐδὲ
529 2631 733 2682 ποιητῶν,
777 2627 852 2679 οὓς
895 2625 988 2671 οὔτε
1028 2631 1255 2683 ἀνερέσθαι
1286 2624 1372 2671 οἷόν
1402 2630 1438 2671 τ’
1466 2632 1557 2672 ἐστι’
1584 2632 1683 2683 περὶ

227 2697 286 2745 ὧν
316 2704 531 2756 λέγουσιν,
580 2696 831 2753 ἔπαγόμειοί
855 2718 897 2744 τε
931 2701 1085 2756 αὐτούς
1112 2700 1149 2744 οἱ
1180 2705 1324 2743 πολλοὶ
1358 2701 1403 2746 ἐν
1436 2708 1520 2751 τοῖς
1547 2700 1681 2757 λόγοις

227 2775 265 2815 οἱ
293 2777 372 2826 μὲν
396 2770 529 2815 ταῦτά
560 2786 670 2827 φασι
695 2771 768 2812 τὸν
795 2772 966 2829 ποιητὴν
996 2779 1118 2828 νοεῖν,
1146 2770 1253 2815 οἵδ’
1278 2773 1411 2828 ἕτερα,
1439 2773 1537 2827 περὶ
1554 2775 1681 2829 πρᾶγ-

226 2861 353 2900 ματος
387 2843 675 2899 διαλεγόμενοι
705 2840 726 2884 ὃ
752 2844 1029 2887 ἀδυνατοῦσιν
1057 2845 1259 2900 ἐξελέγξαι
1290 2855 1401 2902 (pag.
1432 2849 1523 2892 347.
1557 2849 1622 2899 E).
