1871 3204
702 132 1061 177 ——137-

153 257 228 297 erit
258 256 322 297 illa
351 268 456 309 quae
487 239 654 301 vocatur
681 256 948 311 ὅρθοέπεια.“
1004 258 1075 299 Est
1113 256 1315 311 igiturex}
1346 265 1491 296 vocum
1523 254 1613 296 sin-

155 322 335 383 gularum
366 333 669 385 pronunciatio,
715 340 819 384 quae
857 336 897 373 et
932 318 1149 385 prosodiae
1193 329 1421 384 praeceptis
1459 327 1512 369 sit
1539 339 1614 369 ac-

155 402 435 454 commodata„
461 408 502 444 et
527 415 648 446 aures
678 405 881 445 suavitate*
902 390 1072 458 quadam
1103 403 1275 444 delectet
1304 400 1502 455 (ricbtige
1528 399 1612 440 und

157 473 482 530 wohlklingende
512 476 805 529 Aussprache).
861 476 1136 524 Ea‚fortasse
1180 475 1252 515 fuit
1278 474 1498 516 Democriti
1537 470 1610 525 ὄρ-

161 548 351 587 θοέπεια.
395 547 601 600 Diogenes
629 547 760 589 Laert.
791 547 897 586 enim
929 546 1085 587 lib.1X.
1108 552 1151 595 ⁴§.
1169 545 1237 586 48.
1265 546 1305 585 in
1335 547 1497 587 musicis
1525 546 1614 587 De-

145 616 313 675 [mocriti
334 619 492 671 scriptis
508 621 703 658 memorat
719 615 860 657 librum
887 615 1178 670 πεᾳὶὉμήραυ
1211 612 1237 669 ἢ
1266 617 1509 674 ὀρθοεπείης
1537 615 1614 657 καί

152 690 373 740 γλωσσέων
388 715 408 743 ‚-
441 691 555 743 quod.
577 688 854 742 explicandum
886 679 1065 729 vid'etur':
1108 688 1167 729 De
1197 688 1398 740 Homero,
1438 690 1524 729 sive
1558 687 1610 733 de

153 764 265 801 recta
293 774 479 803 versuum
507 762 809 803 Homericorum
838 761 1078 802 recitatione
1116 765 1156 801 et
1185 760 1236 801 de
1264 760 1430 803 ,vocibus
1458 761 1611 801 Home-

156 832 251 874 ricis
271 835 501 887 peregrinis
522 833 587 875 vel
607 835 746 875 minus
775 834 959 875 tritis.—
978 833 1059 877 Sed
1086 833 1153 875 lib.
1177 832 1206 875 1.
1240 844 1329 886 cap.
1342 831 1406 873 vl.
1435 835 1471 880 §.
1492 832 1552 873 17.
1570 835 1611 872 et

158 917 195 957 q.
214 906 614 957 seqq.>Quintilianus
631 907 749 947 aliam
768 906 961 947 describit
979 905 1239 959 ὄρθοέπειαν.
1274 904 1376 945 Esse
1392 904 1512 954 enim,
1545 904 1612 956 qui

90 977 92 980 ’
155 978 434 1020 molestissima
453 978 681 1033 diligentiae
695 971 959 1033 peruersitate
976 977 1189 1020 audaciter
1199 977 1331 1032 potius
1345 976 1478 1018 dicant
1489 988 1608 1030 quam

150 1050 372 1099 audacter,
410 1051 505 1092 licet
545 1063 684 1094 omnes
723 1057 907 1093 oratores
944 1052 1050 1092 hanc
1091 1050 1254 1091 dicendi
1294 1039 1491 1091 rationem
1535 1061 1606 1089 se-

153 1128 347 1176 quantun-3
379 1117 576 1177 emicavit,
607 1137 689 1167 non
719 1124 888 1176 emicuit,
916 1136 1006 1165 cum
1038 1124 1253 1164 verborum
1273 1122 1466 1164 infinitivo
1485 1121 1607 1162 modo

153 1208 228 1236 are
257 1198 553 1238 terminatorum
593 1197 1048 1254 praeteritum-tempus
1076 1196 1194 1236 cadat
1231 1196 1273 1236 in
1316 1195 1413 1246 avi;
1457 1194 1608 1243 conire,

151 1280 233 1309 non
263 1269 384 1320 coire,
416 1271 506 1323 quia
536 1282 625 1310 cum
653 1270 693 1310 in
720 1270 858 1310 verbis
888 1269 1122 1322 compositis
1150 1280 1226 1308 con
1254 1272 1386 1319 sonet,
1418 1279 1499 1308 non
1528 1279 1608 1315 co,-

89 1358 94 1365 ·
147 1341 375 1391 tribunale,
397 1355 485 1400 ‘non
514 1343 693 1383 tribunal
707 1374 719 1394 ,
753 1355 842 1384 cum
876 1344 927 1383 sit
955 1355 978 1383 a
1010 1342 1253 1389 tribunalis;
1278 1343 1478 1394 faciliter,
1521 1353 1605 1381 non

146 1402 285 1484 facile,
315 1423 403 1455 cum
433 1415 715 1464 adverbiorum
744 1414 794 1455 ab
824 1414 1035 1455 adiectivis
1064 1414 1104 1454 in
1126 1414 1164 1454 is
1194 1414 1429 1455 cadentibus
1459 1413 1607 1454 ducto-

146 1480 236 1526 rum
262 1490 373 1526 recta
405 1487 629 1527 terminatio
657 1488 709 1527 sit
737 1491 824 1534 ter,
840 1497 950 1526 non
984 1498 1032 1533 e;
1064 1490 1234 1526 centum
1270 1486 1395 1526 millia
1422 1497 1606 1525 nummo-

149 1571 254 1610 rum,
283 1571 364 1601 non
382 1572 593 1629 nummum,
619 1560 687 1613 qui
707 1560 758 1601 sit
777 1559 1031 1601 accusativus
1049 1570 1167 1600 casus
1183 1558 1412 1614 singularis,
1439 1557 1608 1601 eadem-

150 1643 228 1684 que
257 1631 319 1672 de
338 1644 460 1672 causa
489 1632 589 1683 fides
617 1632 798 1671 Deorum
823 1643 905 1671 non
931 1631 1089 1678 Deum;
1117 1643 1198 1672 non
1230 1632 1382 1694 caldus,
1409 1632 1484 1672 sed
1504 1643 1608 1672 con-

150 1708 209 1745 tra
233 1698 563 1746 consuetudinem
591 1703 697 1746 illius
723 1703 864 1746 aetatis
894 1702 1063 1756 calidus,
1091 1708 1134 1746 ut
1160 1705 1213 1746 sit
1238 1703 1367 1746 simile
1397 1703 1607 1745 adiectivis

150 1776 318 1829 tepidus,
345 1777 531 1830 sriqidus.
587 1777 729 1829 „Atqui
758 1777 863 1817 hanc
891 1776 1050 1830 quidam
1081 1776 1333 1830 ὄρθοέπειαν
1364 1777 1499 1817 *solam
1527 1790 1606 1830 pu-

146 1854 245 1900 tant,
272 1861 387 1902 quam
416 1861 501 1903 ego·
524 1849 684 1890 minime
711 1849 895 1890 excludo.
955 1848 1059 1902 Quid
1086 1850 1191 1890 enim
1218 1854 1296 1890 tam
1317 1851 1602 1901 necessarium,

150 1933 266 1975 quam
296 1926 409 1962 recta
440 1907 642 1962 locutio?
683 1921 805 1962 Immo
837 1922 1128 1962 inhaerendum
1157 1922 1195 1962 ei
1225 1922 1358 1970 iudico
1390 1922 1527 1975 quoad
1551 1922 1605 1962 li-

150 1999 237 2046 cet,
281 1994 349 2036 diu
385 1987 504 2036 etiam
546 1994 1153 2049 mutantibus-repugnandum;
1191 1994 1265 2036 sed
1295 1994 1442 2036 abolita
1483 1998 1603 2048 atque

149 2066 343 2120 abrogata
360 2068 535 2107 retinere
554 2066 793 2107 insolentiae
824 2067 1029 2108 cuiusdam
1058 2071 1120 2108 est
1146 2071 1185 2107 et
1211 2067 1377 2107 frivolae
1405 2067 1445 2106 in
1467 2067 1603 2119 parvis

146 2125 471 2181 iactantiae.“-—-
489 2140 660 2181 Fuerunt
687 2141 823 2194 igitur,
851 2128 917 2194 qui
944 2140 1148 2194 vulgarem
1176 2138 1334 2180 dicendi
1361 2150 1475 2181 usum
1501 2140 1603 2180 reii-

148 2212 301 2253 cientes
332 2210 462 2251 multis
493 2212 534 2251 in
573 2212 741 2253 vocibus
783 2217 824 2253 et
862 2212 1130 2254 locutionibus
1163 2223 1211 2251 ea
1252 2211 1602 2265 amplecterentur,

147 2296 250 2339 quae
280 2296 333 2325 ex
362 2283 528 2326 aliorum
560 2285 859 2338 comparatione
890 2286 954 2327 vel
981 2298 1032 2327 ex
1060 2285 1200 2338 etymis
1228 2288 1341 2326 recta
1372 2289 1603 2335 censerent,

148 2356 291 2398 eadem
333 2368 498 2410 prorsus
538 2357 722 2408 ratione,
765 2369 843 2411 qua
888 2360 1112 2399 etiamnunc
1152 2361 1314 2398 utuntur
1357 2358 1424 2410 qui
1469 2358 1605 2411 putida

151 2430 322 2483 quadam
355 2430 560 2484 diligentia
592 2429 665 2483 der
692 2429 816 2471 mittle
846 2430 984 2475 dicunt
1012 2429 1076 2470 vel
1106 2427 1437 2483 Reliyionlehrer.
1492 2430 1606 2471 Hanc

146 2512 245 2543 vero
274 2501 461 2544 dicebant
488 2502 748 2556 ὅρθοὲπειαν.
804 2501 893 2543 Duo
925 2503 1045 2556 igitur
1083 2512 1201 2554 quum
1238 2503 1416 2543 norimus
1455 2499 1605 2556 ὄρθοε-

145 2576 267 2622 neta:
296 2585 474 2628 genera,
501 2586 633 2628 neque
661 2574 873 2628 quidquam
903 2576 946 2616 in
976 2575 1223 2629 Protagorae
1251 2576 1393 2617 studiis
1419 2575 1605 2617 invenia-

145 2650 231 2698 tur,
259 2646 367 2702 quod
399 2659 488 2689 cum
516 2641 660 2703 'priore
690 2642 1011 2705 illadpsoena‘qt
1040 2650 1268 2704 comparari
1298 2652 1416 2703 queat
1427 2660 1442 2700 ·‚
1485 2647 1603 2689 alteri

144 2710 291 2773 'generi
319 2720 563 2762 simillimam
607 2734 700 2764 esse
741 2721 986 2774 Protagorae
1027 2722 1276 2776 disciplinam
1321 2733 1437 2774 quam
1479 2720 1603 2762 modo

148 2781 406 2834 tractavimus
436 2794 636 2837 neminem
666 2794 775 2850 fugit.
833 2793 871 2835 ls
892 2784 1052 2848 quoque
1066 2794 1272 2850 vulgarem
1302 2791 1462 2833 dicendi
1489 2803 1605 2833 usum

149 2876 200 2907 ac
240 2866 569 2911 consuetudinem
609 2868 749 2911 falsam
792 2866 943 2912 dicens
971 2868 1013 2911 in
1051 2868 1172 2911 rebus
1218 2864 1324 2910 haud
1365 2865 1420 2907 ita
1465 2866 1606 2920 paucis
