1871 3204
695 97 1058 147 -153—

128 219 347 273 messalem
374 215 536 272 tractari
574 221 628 261 ait
657 222 774 271 etiam
805 222 1075 274 Quintilianus
1101 222 1193 273 loco
1223 219 1425 262 simillimo
1458 222 1524 262 lib.
1558 222 1604 263 11.

150 298 237 355 capt
266 291 331 346 IV.
359 296 399 343 s.
420 294 509 350 322:
537 292 801 356 „Communes
828 294 908 337 loci
935 320 992 328 -
1023 295 1074 337 de
1102 294 1152 337 iis
1178 294 1338 351 loquor,
1369 293 1515 348 quibus
1544 295 1607 334 ci-

145 368 209 417 tra,
228 352 433 422 ,personas
459 368 500 408 in
519 368 614 427 >*ipsa
644 369 739 421 vitia
770 369 893 409 moris
921 373 983 409 est
1010 379 1217 422 perorare,
1244 373 1287 409 ut
1303 358 1607 429 &adulterum
1642 363 1651 373 ’”

143 437 364 492 aleatorem
382 470 394 491 ,
415 439 663 499 ,petuloeitom
692 464 747 473 -
773 452 825 491 ex
852 440 1004 490 mediis,-
1024 430 1121 482 sunt>
1143 440 1326 494 iudiciis»,
1356 445 1397 483 et
1426 440 1460 481 si
1491 450 1604 481 reum

143 496 339 563 adiieias,
366 512 673 564 acomtionen
703 523 925 564 quanquam
955 511 1022 552 hic
1052 523 1211 564 qnoque
1240 512 1290 553 ab
1322 512 1390 553 illo
1421 511 1605 566 generali

142 584 315 636 tractatu
349 582 406 628 ,ad
435 570 640 636 quasdam
683 582 1032 635 deducivspeeies
1071 582 1232 635 solent,
1271 587 1313 625 ut
1354 586 1388 625 si
1431 589 1605 638 ponatur

142 639 301 701 adulter
329 665 490 704 caecam,
513 653 671 695 aleator
696 666 873 707 pauper,
895 654 1085 707 petulans
1113 665 1265 706 senx,-
1293 654 1440 697 habent
1468 661 1602 698 autem

142 733 426 783 nonnunquam
457 727 576 768 etiam
614 726 919 775 defensionem:
940 778 943 781 Α
962 739 1053 768 nam
1085 731 1126 767 et
1150 738 1233 779 pro
1258 726 1428 768 luxuria
1456 733 1495 768 et
1519 740 1601 781 pro

140 810 280 839 amore
317 798 485 859 dicimus
504 830 517 850 ‚
563 803 603 839 et
631 800 720 857 leno
747 800 903 844 interim
932 799 1227 854 parasitusque
1255 798 1481 841 defenditur
1523 803 1599 853 sic,

141 875 184 911 ut
216 882 299 922 non
328 870 478 931 homini
507 872 805 924 patrocinemur
834 872 905 913 sed
938 872 1131 914 crimini.“
1177 871 1240 913 -Et
1266 871 1415 913 lib.vll.
1446 884 1537 926 capr
1563 873 1596 915 1.

140 948 183 993 §-
219 946 292 986 11:
337 944 449 998 „Non
472 932 727 1002 acommunes
755 945 862 996 loci,
893 946 980 986 sive
1018 947 1082 999 qui
1127 949 1220 986 sunt
1250 946 1290 986 in
1320 945 1411 986 vitia
1447 945 1602 998 directi,

144 1016 283 1069 quales
311 1016 481 1071 legimus
504 1018 746 1068 aCicerone
778 1019 1036 1071 compositos,
1068 1030 1141 1060 seu
1172 1018 1319 1071 quibus
1345 1019 1603 1072 quaestiones

139 1087 383 1147 genera-liter
410 1092 641 1140 tractantur,
658 1090 808 1143 ‚quates
839 1094 931 1130 sunt
959 1090 1055 1130 editi
1086 1102 1108 1130 a
1139 1090 1288 1142 Quinto
1317 1101 1476 1143 quoque
1494 1090 1602 1135 Hor-

139 1162 269 1207 tensio
289 1192 302 1212 ‚
346 1166 388 1203 ut
409 1177 419 1202 :
444 1190 450 1194 -
471 1162 574 1214 sitne
616 1162 764 1215 parvis
814 1156 1059 1215 munientis
1107 1162 1377 1218 credendum,
1430 1167 1472 1203 et
1516 1174 1599 1214 pro

137 1233 303 1291 testibus
346 1239 387 1277 et
426 1234 469 1275 in
507 1239 626 1285 testes
670 1259 724 1267 -
769 1236 809 1275 in
852 1234 996 1286 med-iis
1035 1234 1159 1292 litium
1203 1234 1385 1278 medullis
1426 1246 1600 1275 versan-

137 1308 229 1356 turg‘?
270 1309 405 1349 Arma
434 1313 525 1349 sunt
554 1307 655 1353 haec
691 1308 987 1361 quodammodo
1020 1308 1294 1362 praeparanda
1326 1320 1511 1362 semper,
1556 1312 1600 1348 ut

137 1381 215 1431 iis,
248 1392 336 1422 cum
364 1392 434 1426 res
461 1385 628 1434 poscet,
659 1384 811 1420 utare.“
850 1405 902 1419 -.-
957 1381 1070 1422 Unde
1103 1385 1295 1434 apparet,
1333 1380 1448 1421 locos
1482 1392 1600 1421 com-

134 1465 276 1505 munes
308 1453 561 1504 talesesse,
591 1453 733 1506 quibus
763 1457 1038 1507 argumentum
1066 1453 1228 1507 aliquod
1256 1453 1485 1501 universale
1514 1458 1595 1495 tra-

138 1530 283 1577 ctetur,
312 1527 401 1568 sive
434 1526 558 1567 virtus
587 1515 783 1579 quaedam
813 1525 1022 1577 laud-etur,
1050 1527 1137 1566 sive
1171 1527 1306 1567 vitium
1338 1530 1407 1567 aut
1436 1526 1595 1579 vitupe-

136 1603 247 1640 retur
277 1603 344 1643 aut
377 1598 638 1647 defendatur,
677 1598 728 1639 ita
758 1582 945 1651 quidem,
983 1602 1026 1639 ut
1062 1609 1147 1640 non
1180 1597 1238 1638 de
1271 1602 1398 1651 certa,
1425 1597 1595 1651 quadam

135 1682 313 1724 persona
338 1675 504 1725 agatur,
545 1670 623 1715 sed,
647 1670 696 1710 de
726 1665 819 1723 ipso?
844 1674 911 1710 aut
942 1670 1038 1710 vitio
1066 1674 1135 1710 aut
1163 1671 1308 1711 virtute
1323 1683 1336 1721 3
1376 1670 1465 1710 sive
1493 1682 1596 1729 sen-

134 1725 273 1795 tentia,
302 1744 439 1798 quales
468 1743 647 1786 thesibus
677 1733 873 1784 contineri
903 1742 1085 1794 vidimus,
1114 1742 1319 1797 generalis
1352 1747 1591 1796 exponatur.

134 1817 230 1874 Eius
258 1817 421 1869 generis
449 1805 540 1857 sunt
572 1815 749 1856 suavitas
779 1816 884 1856 vitae
902 1817 1086 1869 agrestis,
1115 1815 1364 1869 tyrannidem
1396 1827 1476 1862 non
1497 1827 1592 1856 esse

130 1873 352 1941 ferendam,
379 1892 547 1930 mortem
577 1899 660 1929 non
691 1899 784 1938 esse
813 1887 970 1935 malum.
1028 1886 1136 1929 Talia
1167 1888 1201 1929 si
1230 1888 1319 1941 quis
1343 1892 1415 1929 ‘aut
1440 1888 1590 1942 scripta

135 1966 203 2002 aut
231 1965 364 2002 mente
393 1966 532 2015 parata
548 1953 722 2011 tenebat,
753 1961 974 2001 occasione
999 1959 1090 2001 data
1108 1961 1149 2000 in
1168 1960 1301 2007 causis
1329 1971 1487 2012 semper
1515 1959 1593 2000 illis

135 2036 190 2077 uti
204 2038 386 2089 poterat:
420 2045 511 2075 nam
527 2032 786 2088 generalibus
801 2032 957 2087 singula
973 2033 1252 2074 continentum
1284 2035 1477 2086 erantque
1491 2044 1593 2073 sane

134 2109 244 2149 a‘rma
273 2106 416 2160 quibus
442 2106 611 2166 aliquiS,
642 2117 731 2146 cum
759 2118 826 2146 res
855 2096 1067 2161 posceret,
1099 2116 1245 2159 magno
1277 2116 1365 2146 cum
1397 2116 1592 2148 successu

133 2184 344 2235 pugnaret.
401 2178 516 2220 Cous.
549 2179 683 2238 Quint.
709 2179 776 2220 lib.
804 2179 851 2220 V.
881 2191 969 2234 cap.
998 2178 1099 2221 Xlli.
1131 2183 1171 2228 s.
1202 2178 1267 2219 29.

242 2251 377 2295 Paullo
411 2252 613 2306 copiosius
642 2255 762 2304 atque
790 2256 969 2294 veterum
996 2252 1098 2294 locis
1130 2251 1345 2305 exscriptis
1373 2251 1480 2294 hanc
1504 2265 1592 2295 rem

61 2315 63 2318 ’
133 2314 433 2377 tractavimus,
460 2325 566 2379 quia,
590 2324 686 2379 ipsis
720 2324 958 2377 scriptorum
1000 2324 1134 2365 verbis
1170 2324 1299 2366 Geelii
1335 2326 1592 2379 Herbstiique

132 2400 358 2441 sententiae
384 2397 630 2450 refellendae
657 2400 771 2437 erant
798 2398 1071 2451 praxissimae.
1113 2397 1290 2445 Quorum
1321 2399 1389 2440 ille
1416 2411 1508 2454 pag,
1526 2401 1591 2441 72,

130 2472 377 2526 Protagorae
396 2512 400 2519 ,
420 2483 552 2514 rerum
596 2469 819 2511 illustrium·
843 2469 1133 2524 disputationes
1152 2500 1165 2522 ,
1210 2481 1444 2514 communes
1484 2472 1590 2521 loci,

128 2545 372 2599 singularum
390 2553 521 2584 rerum
552 2542 690 2585 laudes
719 2543 1123 2595 vituperationesque,
1151 2543 1247 2596 quid
1275 2543 1382 2585 aliud
1411 2546 1489 2585 sint
1520 2546 1587 2585 in-

128 2621 311 2673 terrogat
341 2616 415 2658 nisi
459 2616 626 2659 Coi-acis
666 2605 979 2669 Tisiaequesiria
1020 2619 1060 2656 et
1104 2627 1196 2672 ars:
1237 2616 1445 2659 Herbstius
1486 2628 1587 2662 vero

128 2691 356 2741 Quintiliani
400 2689 514 2730 locos
556 2690 634 2731 duo
677 2688 801 2731 oculis
833 2688 976 2729 leviter
1013 2701 1257 2742 percurrens
1296 2703 1382 2732 cum
1419 2689 1587 2743 legisset

31 2807 34 2810 Δ
130 2764 277 2819 aliquid
300 2764 350 2805 de
379 2762 579 2817 multiplici
610 2763 838 2804 diversitate
867 2773 943 2815 qua
974 2763 1227 2805 variarentur
1254 2763 1450 2817 personis,
1478 2764 1586 2803 tem-

77 2828 80 2832 ’
130 2835 311 2891 poribus,
342 2836 466 2888 locis,
497 2835 627 2890 dictis,
662 2835 776 2878 sactis
807 2846 1034 2889 causae,
1065 2837 1393 2888 non-theses,
1424 2847 1594 2890 causas,
