1871 3204
735 146 1063 194 ..ww-

187 268 369 316 erro'rem
398 274 438 316 ei
463 274 605 329 viginti
634 285 826 317 annorum
857 273 1256 328 imputat-candeat?
1311 272 1450 326 Neque
1480 273 1646 314 omnino

186 358 240 386 ex
268 346 368 387 loco.
389 346 535 401 dequo
565 348 696 401 agitur
726 348 807 389 hoc
836 348 972 402 colligi
1001 352 1145 401 potest.
1177 348 1266 390 Non
1297 347 1403 387 enim
1431 346 1519 397 ipse
1532 343 1642 386 Plato

188 412 309 471 οἶμαι
337 420 419 471 ait,
446 420 520 462 sed
547 420 753 463 Socratem
780 420 859 462 hac
887 420 1077 474 loquendi
1103 419 1232 461 forma
1262 431 1375 461 usum
1403 416 1646 470 faciti-ipse

185 502 271 533 rem
298 493 396 534 satis
425 496 539 534 certo
568 493 746 534 tenebat.
770 496 772 498 '
803 492 1092 545 Apollodorum
1122 500 1222 532 vero
1264 502 1346 532 non
1374 490 1549 532 Platonis
1577 489 1647 530 lo·-

188 576 277 605 cum
305 564 538 606 exscribere
575 565 673 605 satis
704 563 915 615 habuisse,
944 563 1031 604 *sed
1060 564 1178 604 eliam
1207 563 1308 604 alios
1342 563 1645 617 pervestigasse

183 637 401 688 scriptores
428 635 523 677 inde
552 638 743 687 apparet,
783 635 891 686 quod
922 646 1006 674 non
1033 638 1182 675 tantum
1210 634 1382 675 Platonis
1416 634 1467 674 de
1499 634 1645 675 Prota·-

179 718 307 759 gorae
340 711 471 747 aetate
488 705 733 756 testimonia,
762 705 834 746 sed
865 706 983 746 etiam
1011 717 1113 758 quae
1129 705 1295 749 aliorum
1322 706 1543 758 invenerat,
1570 705 1643 749 tit·-

181 775 281 818 teris
318 778 533 823 mandavit.
603 777 876 831 Quoscunque
919 777 1040 832 igitur
1082 777 1279 822 consuluit
1317 782 1532 830 auctores,
1573 780 1641 819 aul

186 850 228 890 in
260 851 510 903 septuaginta
552 850 669 892 annis
709 855 1024 901 consenserunt,
1058 855 1124 891 aut
1160 851 1212 891 ita
1253 850 1557 903 discreparant,
1598 854 1641 894 ut

176 920 447 975 Apollodoro,
474 921 538 974 cui
565 922 655 962 sine
681 922 870 977 graviore
885 935 1013 964 causa
1032 923 1150 964 fidem
1179 923 1383 977 derogare
1404 919 1489 963 non
1514 921 1643 963 licere

178 998 337 1048 constat
355 1023 367 1045 ‚
395 993 490 1035 illud
517 994 721 1036 videretur-
748 996 833 1036 veri
859 995 1108 1036 simillimum.
1140 1022 1193 1030 -
1222 996 1303 1037 Sed
1328 995 1533 1047 singulare
1559 994 1651 1051 ali-r

178 1066 275 1120 quid
306 1066 432 1108 affert
456 1067 664 1109 Herbstius
684 1099 696 1120 ,
743 1080 814 1111 cur
854 1068 1009 1110 Platoni
1049 1068 1131 1108 hoc
1161 1067 1258 1109 loco
1288 1066 1403 1108 credi
1442 1069 1636 1120 nequeat:

177 1139 395 1192 pugnantia
421 1139 577 1181 scilicet
603 1139 710 1180 illum
735 1139 856 1193 loqui.
913 1141 1089 1192 „Denn“,
1118 1139 1246 1191 inquit
1268 1138 1471 1193 pag.102‚
1500 1137 1639 1191 „sollte

103 1256 105 1258 ,
146 1236 149 1238 -
173 1210 417 1265 Protagoras
444 1216 520 1253 nur
546 1212 618 1253 das
632 1212 889 1254 Socratische
900 1212 1017 1252 Alter
1042 1210 1219 1252 erre-ioht
1246 1210 1390 1265 haben,
1420 1223 1471 1252 so
1488 1212 1659 1251 musste·

170 1294 224 1333 >er
263 1283 390 1324 sehon
429 1283 494 1324 um
521 1283 602 1324 420
632 1295 683 1323 zu
718 1283 798 1324 den
826 1283 985 1324 Todten
1022 1295 1239 1338 gegangen
1270 1284 1384 1324 sein:
1426 1284 1521 1326 eino
1547 1283 1639 1324 An-

168 1347 349 1404 ffihme,
377 1355 443 1394 die
469 1354 557 1394 sioh
596 1354 815 1394 wiederum
854 1354 936 1407 mit.
956 1339 1077 1406 jener
1115 1357 1255 1395 seiner-
1294 1352 1637 1408 vierzigjahrigen

173 1424 315 1467 Blfithe
355 1425 426 1467 auf
447 1425 568 1469 keine
602 1425 741 1467 Weise
787 1425 1009 1468 verbinden
1036 1426 1146 1471 lasst.
1203 1427 1308 1469 Dass
1346 1425 1411 1468 ich
1453 1425 1553 1468 aber
1594 1425 1636 1467 in

174 1498 253 1537 den
280 1498 449 1538 Worten
477 1498 549 1538 des
582 1498 837 1551 Protagoras,
864 1510 910 1539 er
936 1500 1071 1539 konne
1099 1500 1173 1539 der
1198 1500 1322 1540 Vater-
1347 1500 1423 1539 des·
1442 1500 1634 1540 Socrates

171 1570 273 1622 sein,
303 1569 422 1611 keine
450 1569 770 1625 Uebertreibung
798 1570 917 1623 finde,
952 1571 1024 1612 das
1051 1572 1103 1613 ist
1130 1571 1258 1613 schon
1293 1571 1417 1613 durch
1445 1571 1515 1612 die
1540 1570 1635 1612 fru-

169 1641 296 1683 heren
324 1643 472 1685 Stellen
500 1656 721 1698 genugsam
762 1645 1098 1699 gerechtfertigt‚
1140 1646 1222 1686 und
1264 1646 1365 1687 auch
1407 1645 1633 1686 besonders

172 1714 278 1756 noch
310 1714 434 1756 durch
464 1715 529 1756 die
557 1714 655 1757 kurz
682 1716 1045 1771 vorhergehenden
1076 1716 1245 1758 Worte:
1284 1730 1329 1759 er
1365 1717 1470 1758 habe
1502 1716 1632 1758 sehon

170 1786 275 1827 viele
302 1780 425 1826 Jahre
457 1787 573 1827 seine
594 1787 725 1845 'Kunst-
754 1789 967 1841 getrieben
985 1803 997 1839 ;
1044 1789 1146 1829 auch
1179 1791 1294 1830 seien
1332 1791 1469 1830 seiner
1508 1788 1632 1829 Jahre

171 1860 225 1901 lm
260 1858 423 1901 Ganzen
450 1857 580 1900 sehon
615 1859 750 1912 viele3
793 1860 949 1901 welche
991 1861 1246 1916 Bemerkung
1275 1861 1354 1902 wel
1390 1860 1630 1906 schwerlich

172 1933 239 1973 ein
279 1932 611 1985 vierzigjfihriger
641 1932 758 1972 Mann
802 1944 881 1973 von
928 1934 1015 1973 sich
1058 1934 1248 1988 gemacht
1289 1923 1421 1974 haben
1464 1934 1627 1975 konnte.

169 2004 530 2059 Berficksichtigen
562 2005 636 2046 wir
667 2005 796 2057 hiezu,
820 2016 909 2046 was·
938 2017 983 2047 er
1006 2005 1108 2047 nach
1137 2006 1298 2047 sichern
1320 2006 1520 2061 Angaben
1553 2005 1627 2047 des

167 2077 332 2130 Epiku-r,
362 2077 428 2116 die
457 2088 537 2117 von
569 2077 721 2117 andern
752 2077 959 2118 mehrfach
988 2078 1227 2120 wiederholt
1252 2079 1364 2128 sin-d,
1394 2080 1522 2120 sehon
1552 2091 1627 2121 vor

168 2149 304 2195 seiner
336 2152 471 2189 ersten
499 2149 679 2190 Ankunft
717 2149 756 2190 in
786 2148 920 2191 Athen
948 2150 1047 2194 alles
1076 2151 1264 2205 gemacht
1291 2150 1373 2192 und
1407 2152 1624 2206 hegennen

167 2221 292 2272 hatte,
320 2229 366 2261 so
394 2220 501 2260 kann
531 2231 576 2259 es
604 2231 682 2260 uns-
711 2220 971 2276 keineswegs
994 2221 1245 2263 annelnnlich
1275 2222 1485 2274 scheinen,
1514 2224 1627 2264 diosc

165 2293 448 2348 manigfachen
478 2291 774 2345 Betreibungen
804 2293 945 2334 seines
970 2294 1160 2335 frfihercn
1189 2294 1347 2335 Lobens
1378 2296 1418 2336 in
1447 2295 1514 2336 die
1540 2296 1627 2337 Zeit

169 2364 283 2405 eines
326 2363 683 2418 dreissigjahrigen
723 2363 889 2406 Mannes
936 2367 1438 2422 zusammenzudrangen.“
1514 2368 1626 2418 Quae

167 2436 419 2497 difficultates
448 2435 649 2490 quomodo
677 2441 814 2477 nostra
841 2437 892 2478 de
920 2438 1167 2493 Protagora-e
1197 2445 1327 2481 aetate
1359 2442 1556 2481 sententia
1574 2452 1626 2480 ex

163 2507 339 2554 Platonis
381 2508 545 2564 dialogo
584 2517 722 2551 omnes
761 2501 978 2564 tollantur,
1021 2512 1150 2572 capite
1183 2511 1229 2555 V.
1261 2512 1466 2576 sophistae
1504 2512 1620 2554 vitam
1677 2522 1684 2527 ·

167 2586 403 2627 enarrantes
433 2580 712 2624 ostendemusss

279 2654 488 2697 Herbstius
530 2667 647 2709 quam
691 2654 967 2709 copiosissime
1005 2658 1226 2701 sententias
1263 2669 1360 2699 suas·
1395 2657 1622 2710 explicavit,

111 2781 113 2783 Ι
163 2731 207 2771 ut
234 2727 361 2780 ampla
393 2729 443 2769 sit
475 2731 591 2781 copia
610 2760 621 2781 ,
664 2730 699 2770 si
740 2729 826 2782 quis
853 2728 960 2771 hanc
992 2731 1238 2788 quaestionis
1267 2735 1430 2771 nostrae
1457 2734 1623 2782 partem,

167 2808 271 2851 quae
298 2800 338 2840 in
366 2800 540 2841 Herbstii
572 2802 791 2842 rationibus
821 2800 1055 2843 refellendis
1094 2807 1303 2853 versatur,
1345 2801 1511 2841 dilatare
1540 2813 1621 2842 vo·

169 2868 313 2916 luerit:
358 2871 580 2929 quanquam
613 2886 780 2920 severus
809 2873 876 2918 tlte
918 2876 993 2916 sed
1024 2865 1129 2918 idem
1156 2877 1339 2917 sincerus
1370 2872 1459 2916 eius
1498 2873 1623 2918 libelli
