1871 3204
723 124 1050 200 „53¹-

91 239 103 245 r
168 258 307 296 nostra
327 254 468 307 :potius
497 255 694 295 sententia
712 266 714 268 ’
733 253 935 307 probatur.
1002 251 1174 294 Gravior
1218 250 1326 292 enim
1355 252 1446 290 erat
1471 248 1628 290 Socrati

165 327 421 382 Protagorae>
444 326 724 382 praetereundi
754 337 877 368 causa
907 325 946 366 in
988 322 1352 378 malaessophistae
1386 320 1513 364 sortis
1541 331 1632 360 me..

164 401 307 452 moria,
335 412 435 456 ergo
464 405 555 454 post
584 404 751 441 mortem
782 399 901 450 iliius,
929 409 1046 452 quam
1072 401 1189 440 antea
1220 396 1341 437 dubio
1371 395 1491 436 ctiam
1521 392 1632 434 iudi-

165 474 218 515 cii
251 475 371 520 exitu.
431 474 616 515 Ceterum
647 473 821 514 fortasse
843 465 951 511 'nihil
981 469 1178 511 eiusmodi
1208 470 1248 509 in
1275 469 1368 510 loco
1400 469 1520 520 inest,
1550 465 1628 507 sed

165 547 343 600 Hippiam
365 577 377 598 ,
406 547 622 599 Gorgiam,
651 545 861 606 Prodicum
893 543 1093 595 sophistas
1120 546 1214 583 tunc
1239 542 1360 582 etiam
1388 535 1630 583 vivos‘me-

165 625 348 659 morasse
366 617 474 658 Plato
504 616 601 657 satis
621 616 771 664 habuit,
800 618 891 655 'cum
911 614 1153 666 Protagoras
1181 613 1257 653 iam
1290 612 1490 666 aliquanto
1519 617 1628 652 tem-

163 693 273 744 poris
291 694 409 731 antea
427 689 687 730 decessisset.
723 687 831 737 Haec
848 685 952 727 enim
968 686 1093 739 ipsius
1110 690 1201 727 sunt
1219 686 1369 726 verba:
1399 681 1527 727 Ἀλλὰ
1543 681 1624 738 γὰρ

163 759 261 804 οὔτε
290 760 449 803 τούτων
480 760 605 801 οὐδέν
635 763 762 811 ἐστιν,
794 759 894 800 ου’δὲ
921 759 958 813 γ’
987 756 1031 800 εἴ
1054 773 1166 806 τινος
1199 755 1427 813 ἀκηκόατε,
1458 757 1515 806 ὥς
1543 756 1627 810 ἐγώ

162 831 381 875 >suadeam
408 831 612 886 ἐπιχειρῶ
641 828 893 885 ἀνθρώπους
922 829 995 872 καί
1018 828 1219 885 χρήματα
1248 828 1501 885 πράττομαι,
1526 828 1629 871 οῦδὲ

162 905 288 946 τοῦτο
319 904 489 959 ἀληθές.
548 905 640 945 ἐπεὶ
665 903 739 945 καί
767 903 888 944 τοῦτο’
922 906 968 957 γε’
1005 918 1076 955 μοι
1118 904 1238 943 δοκεῖ
1264 900 1393 943 καλὸν
1420 898 1549 957 εἶναιζ,
1584 899 1633 943 εἴ

159 993 223 1026 τις
268 973 355 1025 οἶός
397 977 434 1018 τ’
471 974 538 1032 εἴη
573 975 789 1018 παιδεύειν
818 973 1084 1029 ἀνθρώπους,
1124 970 1265 1027 ὥσπερ
1304 975 1488 1027 Γοργίας
1525 988 1571 1015 τε
1598 972 1623 1015 ὅ

162 1052 392 1096 Λεοντῖνος
420 1050 492 1088 καί
519 1047 733 1102 Πρόδικος
763 1045 785 1088 ὅ
821 1049 946 1093 Κεῖος
976 1046 1048 1087 καὶ
1065 1044 1231 1092 Ἱππιίις
1262 1043 1478 1092 ὅἨλεῖος.
1525 1042 1624 1085 τού-

159 1135 241 1162 των
265 1118 347 1174 γὰρ
379 1121 564 1172 ἕκαστος,
593 1114 628 1161 αἶ
657 1113 834 1174 ἄνδρες,
874 1114 961 1167 οἷός
1003 1122 1036 1159 τ’
1068 1116 1189 1158 ἐστι’
1199 1132 1221 1157 ν
1252 1113 1328 1157 ἰών
1357 1115 1417 1164 εἷς
1444 1113 1625 1171 ἑκάστην

158 1194 241 1234 τῶν
269 1192 430 1233 πόλεων
458 1190 556 1239 τούς
585 1193 717 1243 νέους,
745 1185 807 1239 οἷς
828 1187 961 1241 ἔξεστι
984 1192 1065 1229 τῶν
1082 1185 1249 1229 ἑαυτῶν
1266 1189 1448 1230 πολιτῶν
1467 1194 1621 1243 προῖκα

160 1265 343 1312 ξυνεῖναι
386 1257 417 1321 ᾧ
450 1260 502 1304 ἄν
536 1263 799 1316 βούλωνται,
843 1262 1020 1309 τούτους
1063 1262 1334 1303 πείθουσι
1365 1266 1406 1303 et
1437 1274 1475 1315 q.
1506 1274 1620 1331 Squ.

158 1334 268 1388 Ergo
298 1334 364 1375 hic
390 1346 550 1388 quoquo
580 1335 694 1374 locus
721 1337 872 1374 tantum
900 1333 1040 1384 abest,
1081 1337 1124 1373 ut
1160 1333 1211 1374 ad
1242 1333 1419 1375 Herbstii
1448 1330 1621 1375 senten-2

159 1408 254 1448 tiam
284 1407 604 1448 confirmandam.
625 1406 772 1459 saciat,
816 1410 859 1448 ut
882 1406 1196 1452 testimoniorum
1226 1419 1328 1461 quae
1357 1419 1476 1461 supra
1507 1408 1619 1450 attuli

162 1480 410 1521 auctoritatis
440 1479 599 1533 pondus
628 1483 788 1533 augeat.
846 1479 960 1521 Conf.
988 1479 1207 1521 Hermanni
1243 1480 1376 1521 locum
1404 1480 1525 1522 modo
1554 1481 1622 1522 in-

159 1553 344 1593 dicatum.

271 1624 329 1665 lta
358 1636 476 1677 quum
503 1624 887 1678 Protagoram-ante
915 1624 1125 1666 Socratem
1167 1629 1364 1665 mortuum
1397 1636 1491 1665 esse
1519 1636 1620 1665 con-

159 1700 272 1748 stet,
315 1697 395 1737 iam
436 1697 723 1750 progrediendi
770 1697 821 1737 ad
871 1686 1024 1750 tempus
1072 1698 1299 1738 accuratius
1347 1696 1618 1738 definiendum

156 1772 391 1820 potestatem
425 1769 543 1807 nobis
575 1768 669 1807 facit
697 1768 987 1818 Philochorus,
1026 1769 1092 1820 qui
1119 1769 1347 1821 Euripidem
1389 1771 1445 1809 ait
1471 1769 1613 1810 Prota-

155 1852 283 1894 gorae
312 1844 478 1881 mortem
508 1839 548 1880 in
580 1838 719 1880 Ixione
749 1850 842 1880 esse
871 1839 1110 1881 cavillatum.
1167 1840 1267 1882 Nam
1295 1841 1403 1893 quod
1433 1840 1613 1883 Socratis

154 1918 322 1954 mortem
353 1914 403 1952 ab
433 1912 619 1964 Euripide
650 1913 689 1952 in
706 1912 914 1952 Palamede
943 1917 1166 1964 respectam
1198 1925 1290 1952 esse
1322 1913 1424 1954 saiso
1454 1925 1614 1954 memo-

155 1987 258 2028 riae
286 1985 545 2039 prodiderunt
585 1984 857 2038 grammatici,
900 1995 948 2024 ea
983 1984 1088 2025 nulla
1130 1988 1191 2025 est
1233 1996 1355 2025 causa
1391 1984 1612 2027 Philocho-

153 2069 201 2099 ro
233 2057 309 2098 hac
347 2058 389 2097 in
427 2069 474 2097 re
510 2057 628 2097 fidem
672 2056 908 2109 derogandi.
965 2057 1083 2109 Diog.
1110 2055 1240 2100 Laert.
1268 2056 1335 2097 lib.
1364 2056 1432 2097 IX.
1460 2062 1499 2107 s.
1530 2050 1610 2100 55:

155 2130 271 2183 Φησὶ
300 2130 346 2171 δὲ
380 2127 640 2182 Φιλόχορος,
679 2130 873 2177 πλέοντος
912 2124 1044 2170 αὐτοῦ
1086 2130 1129 2177 ἐς
1158 2130 1353 2170 Σικελίαν
1390 2127 1465 2185 τὴν
1504 2131 1612 2172 ναῦν

153 2203 547 2254 καταποντισθῆναι,
576 2200 785 2242 καὶτοῦτο
805 2201 1064 2243 αἰνίττεσθαι
1081 2201 1317 2256 Εὐριπίδην
1336 2203 1380 2243 ἐν
1394 2205 1452 2259 τῷ
1465 2202 1613 2255 Ἰξίονι.

98 2282 99 2286 ’
150 2272 361 2327 Euripides
402 2273 589 2327 quoniam
638 2283 743 2313 anno
773 2272 871 2314 407.
917 2273 981 2313 vel
1011 2272 1107 2314 406.
1153 2284 1177 2314 e
1216 2275 1298 2315 vita
1338 2277 1463 2316 cessit
1508 2276 1606 2327 (cfr.

152 2347 345 2390 Valcken.
379 2347 494 2387 diatr.
526 2346 657 2398 Eurip.
684 2345 734 2384 ad
764 2346 832 2386 fin.
865 2347 1007 2399 capitis
1038 2346 1190 2400 XVlll,
1233 2347 1390 2389 Fabric.
1421 2349 1608 2392 Biblioth.

154 2420 222 2461 Gr.
251 2420 329 2460 vot.
358 2419 404 2460 11.
436 2431 526 2474 pag.
560 2419 654 2459 235.
700 2422 741 2458 et
767 2431 805 2472 q.
838 2430 924 2472 seq.
946 2451 951 2454 .
972 2411 1154 2474 quaeque
1190 2420 1396 2462 Har-tesius
1438 2422 1489 2463 ad
1517 2423 1555 2463 h.
1583 2423 1608 2464 1.

152 2492 288 2542 attulit,
319 2492 490 2538 Clinton.
517 2492 621 2532 Fast.
650 2490 747 2531 Heli.
778 2503 815 2530 a.
845 2491 991 2543 4063,
1019 2493 1260 2546 Protagoras
1292 2495 1609 2551 awa—lyppia-

151 2563 1130 2623 sism-J-erttsmffietwaanageamaffifflaufflswssss

259 2636 344 2677 Hac
373 2638 438 2678 via
466 2638 672 2692 progressi
699 2648 816 2690 quum
845 2639 960 2689 quasi
992 2637 1096 2679 ultro
1136 2639 1188 2680 ad
1228 2640 1606 2693 quadringentorum

152 2713 307 2764 tempus
337 2709 558 2763 ducamur,
599 2722 680 2752 non
709 2712 919 2767 possimus
948 2712 1044 2763 quin
1073 2712 1269 2766 Diogenis
1300 2713 1432 2754 verbis
1464 2714 1607 2767 Κατη-

147 2783 298 2838 γόρησε
327 2784 375 2824 δὲ
398 2784 533 2824 adrui
550 2781 1090 2838 Ilvffli'dwfflqu'Lov
1120 2780 1181 2834 εἷς
1209 2788 1294 2827 τῶν
1324 2787 1605 2839 τετρακοσίων

148 2855 289 2898 iterum
304 2855 613 2899 meminerimus.
670 2843 903 2910 Nam-quod
929 2855 1011 2898 hoc
1039 2857 1132 2901 loco
1159 2858 1356 2899 incautius
1382 2868 1481 2900 usos
1510 2869 1605 2901 esse
