1871 3204
725 102 1090 162 -143-

178 247 326 287 starum
358 242 468 294 suit3
502 245 710 307 pecuniam
750 244 908 302 quippe
925 244 1127 296 ingentem
1158 253 1246 283 cum
1267 253 1298 283 a
1328 240 1534 294 discipulis
1564 251 1636 280 ac-

179 317 332 369 ciperet
361 328 545 369 annuam,
575 317 838 370 pollicebatur
866 327 912 356 se
943 315 983 356 id
1014 315 1195 365 docere,
1221 326 1393 368 quanam
1419 312 1637 354 verborum

176 388 370 430 industria
403 398 523 431 causa
558 390 750 430 infirmior
787 389 901 429 fieret
932 388 1097 438 fortior,
1138 399 1255 440 quam
1292 399 1376 427 rem
1409 386 1556 427 Gracci
1585 385 1639 425 ita

178 461 388 511 dicebant:
428 461 498 503 τὸν
532 458 658 515 ἥττω
683 460 803 522 λόγον
832 459 1005 513 κρείττω
1033 458 1203 499 ποιεῖν.“
1234 483 1281 490 -
1262 460 1444 526 Steph.
1475 459 1570 512 Byz.
1601 470 1639 498 v.

170 527 392 588 νΑβδηρα·
450 534 543 574 Και
576 530 898 586 Πρωταγόρας,
942 528 990 570 ὃν
1007 525 1203 579 Ευδοξος
1235 530 1400 584 ἷστορεῖ
1421 530 1495 572 τὸν
1523 528 1641 585 ἥσσω

178 603 252 647 καί
277 607 456 659 κρείσσω
486 604 607 659 λόγον
637 604 906 659 πεποιηκέναι
951 618 1018 643 και
1061 616 1161 650 τους
1191 600 1389 657 μαθητὰς
1417 603 1641 663 ‹tectarum-s.

180 693 251 718 ναι
271 679 309 730 *)
350 677 422 717 τὸν
455 676 590 718 αι’τὸν
632 677 703 716 καί
738 677 885 728 ψέγειν
924 676 996 715 καί
1024 676 1219 723 ἐπαινεῖν.
1248 678 1250 680 ’
1277 676 1319 715 ln
1362 676 1640 730 Aristophanis

182 748 358 790 Nubibus
388 747 660 810 rusticus3ille
690 747 944 801 Strepsiad'es
974 747 1247 801 Phidippidem
1275 747 1418 799 filium,
1454 750 1519 802 qui
1555 762 1639 791 rem

183 816 418 863 familiarem
463 820 668 874 perdidit,
714 820 764 860 ad
812 819 1200 875 μεριμνοσοφιστὰς
1240 821 1281 868 in
1326 820 1643 875 φροντιστήριον

183 895 310 944 mittit,
341 894 405 935 cui
434 897 594 946 praeest
620 893 823 944 Socrates,
841 897 897 933 ut
922 890 994 934 τόν
1023 889 1137 946 ἥττω
1167 891 1289 945 λόγον
1319 893 1462 945 discat,
1489 905 1567 947 quo
1596 906 1642 935 se

135 1015 138 1016 ⁷
181 976 287 1006 aere
309 965 441 1007 alieno
471 965 634 1006 liberet:
665 978 702 1005 v.
736 965 839 1006 1“.13

406 1044 527 1105 Ειναι
555 1054 653 1102 παρ’
681 1049 829 1096 αὐτοῖς
859 1050 991 1103 φασίν
1019 1042 1154 1102 ἇμᾳω
1174 1046 1244 1101 Υταὶ
1276 1045 1400 1101 λόγω,

405 1120 478 1162 τὸν
506 1123 716 1174 κρείττον’,
746 1117 859 1169 ὅστις
892 1114 998 1172 ἐστι’,
1032 1118 1106 1160 καί
1131 1119 1206 1160 τὸν
1235 1115 1402 1173 ἥττονα.

401 1189 563 1236 τούτοιν
591 1192 662 1235 τὸν
692 1195 832 1248 ἕτερον
861 1187 949 1235 tolia
979 1190 1132 1246 λόγοιν,
1161 1190 1235 1233 τὸν
1259 1188 1427 1246 ἥττονα,

405 1265 525 1306 νικᾶν
554 1263 726 1318 λέγοντά
758 1279 865 1319 φασι
892 1262 1180 1317 τοιίἳικοότεροι.4

331 1353 333 1355 ·
403 1331 454 1391 ἢν
484 1330 570 1377 ου’ν-
592 1336 737 1393 μάθῃς
762 1351 838 1388 μοι
870 1332 953 1377 τὸν.
973 1329 1116 1376 ἄδικον
1145 1337 1293 1386 τοῦτον
1322 1333 1454 1389 λόγον,

408 1405 437 1448 ἃ
469 1409 545 1448 νῦν
576 1408 736 1463 ὀφείλω
770 1406 841 1448 διὰ
868 1410 917 1448 σὲ
945 1405 1105 1447 τούτων
1136 1409 1384 1459 τῶν’χρεῶν

408 1482 494 1521 οὔκ
516 1476 569 1521 ἂν
602 1479 805 1536 ἀποδοίην
833 1480 922 1521 ου”δ
951 1474 1004 1520 ἂν
1034 1474 1183 1533 ὄβολὸν
1212 1481 1368 1522 ου’δενί.

184 1560 297 1608 conf.
316 1577 354 1605 ν.
373 1565 467 1606 245.
485 1568 573 1618 etq.
591 1564 822 1618 seqq.‚873.
840 1568 879 1604 et
893 1563 987 1615 874
1009 1565 1057 1604 al.
1071 1564 1209 1617 Neque
1224 1564 1395 1619 Λογους
1410 1566 1512 1617 illos,
1525 1577 1644 1620 quiv

187 1640 281 1681 879
285 1639 463 1679 -1088,
483 1638 652 1678 eadem
641 1650 680 1677 m
705 1637 834 1677 fabula
847 1637 1065 1704 prodeunt,
1096 1637 1258 1678 δίκαιον
1275 1654 1343 1678 και
1364 1634 1522 1690 ἄδικοι,
1539 1640 1649 1680 simi-

188 1712 247 1752 les
270 1722 361 1751 esse
376 1710 621 1763 Protagorae
639 1708 773 1762 λόγων
794 1723 914 1761 ηττοι
917 1723 960 1756 ος
987 1724 1055 1749 και
1086 1712 1320 1763 κρείττονος
1335 1712 1478 1765 negari
1506 1716 1651 1765 potest.

180 1778 353 1832 ’Ἄδικος
391 1783 496 1823 enim
528 1782 670 1834 Λόγος·
701 1781 741 1821 id
772 1782 879 1835 agit,
917 1786 960 1822 ut
989 1770 1262 1835 Phidippidem
1301 1784 1450 1825 alliciat
1490 1786 1539 1825 ad
1571 1786 1652 1826 So-

190 1857 312 1896 cratis
357 1854 519 1897 scholas
559 1852 802 1904 adeundas,
853 1854 965 1894 cuius
1007 1855 1049 1894 in
1095 1864 1310 1907 personam
1341 1855 1649 1909 Aristophanes

187 1929 321 1969 omnia
349 1928 435 1969 tere
464 1926 728 1979 sophistarum
767 1925 896 1966 studia
929 1927 1115 1978 contulit,
1156 1929 1390 1980 praesertim
1423 1941 1565 1970 vanam
1596 1930 1648 1970 il·-

184 1986 263 2042 lam
292 1999 454 2041 dicendi
485 1998 709 2039 facultatem
739 2006 815 2050 qua
852 1997 1009 2050 quidvis
1050 1998 1420 2051 demonstraretur3
1463 2000 1551 2041 cum
1581 2004 1647 2043 δι’.

186 2072 303 2121 κάιος
320 2068 456 2126 Λόγος
477 2082 605 2112 novas
635 2071 733 2112 istas
760 2069 1024 2124 sophistarum
1054 2072 1237 2113 rationes
1266 2074 1304 2113 in
1337 2074 1647 2115 contemtionem

186 2145 401 2197 odiumque
433 2136 582 2205 vccare
622 2147 662 2184 et
700 2143 926 2196 priscorum
953 2144 1167 2198 hominum
1210 2146 1315 2186 vitae
1355 2146 1646 2199 simplIcitatem

187 2228 236 2259 ac
271 2216 508 2271 probitatem
540 2226 754 2268 moresque
783 2215 976 2270 fortiores
1004 2220 1045 2259 et
1071 2218 1315 2259 sinceriores
1361 2214 1647 2262 commendare

186 2295 367 2331 conetur.
437 2287 696 2347 ProtagOram
738 2279 888 2328 autem'
912 2294 1003 2342 apte
1047 2290 1276 2330 cavillatur:
1325 2293 1493 2343 primum
1541 2294 1645 2333 enim

188 2357 505 2416 ἄδικος-Λόγος
536 2361 683 2417 δικαίῳ
713 2360 893 2419 quisnam
927 2361 1084 2403 tandem
1117 2363 1167 2402 sit
1200 2365 1410 2416 quaerenti
1440 2376 1486 2406 se
1505 2363 1648 2419 Λόγον

169 2433 278 2493 §esse
308 2435 542 2486 respondet,
573 2444 651 2486 quo
683 2434 927 2486 cognomine
958 2435 1201 2486 Protagoras
1235 2438 1420 2477 omnibus
1454 2443 1540 2476 erat
1568 2449 1644 2476 co-

162 2483 317 2562 ‘'gnitus
348 2506 451 2556 (vid.
480 2505 548 2547 lib.
565 2506 606 2546 l.
626 2517 711 2559 cap.
729 2504 818 2557 V.:)
840 2504 986 2547 deinde
1021 2506 1182 2556 δίκαιος
1196 2504 1340 2563 Λόγος
1368 2510 1495 2551 victus
1514 2505 1643 2566 ἇὸίκω

188 2589 368 2634 campum
398 2579 518 2629 cedit,
552 2580 653 2647 sive,
677 2583 718 2619 ut
749 2590 836 2618 cum
856 2577 1075 2632 Protagora
1106 2580 1269 2633 loquar:
1303 2579 1322 2621 ὅ
1352 2579 1485 2636 ἥττων
1508 2580 1644 2633 Λόγος

186 2651 383 2706 κρείττων
405 2656 600 2693 ποιεῖται.
629 2651 672 2692 ln
684 2638 865 2694 Socratis
879 2663 976 2692 vero
986 2651 1132 2694 schola
1149 2654 1291 2695 malam
1315 2666 1473 2696 causam
1497 2654 1642 2693 honam

183 2723 299 2765 reddi
319 2735 442 2778 aegre
463 2722 547 2763 tulit
566 2723 781 2764 scholiasta
794 2722 849 2763 ad
865 2722 964 2763 Nub.
982 2736 1020 2764 v.
1040 2725 1143 2766 113:
1180 2726 1386 2766 Pessima:
1418 2725 1437 2763 ὁ
1460 2722 1643 2775 κωμικὸς

245 2886 247 2888 -
275 2866 309 2909 ”)
334 2864 385 2898 Ita
407 2864 625 2899 scribendum
653 2875 731 2899 esse
757 2875 818 2910 pro
845 2865 1051 2913 δεδειχέναι
1080 2877 1146 2912 ego
1171 2868 1252 2901 mihi
1280 2867 1483 2910 persuadeo.

1763 3201 1784 3204 -ι
1793 3196 1871 3204 4.-4-
