1871 3204
718 95 1077 142 ——183—

176 220 282 262 nulla
295 221 454 274 quidem
470 222 602 264 addita
619 223 884 277 explicatione
903 231 1017 277 (pag.
1029 223 1133 271 843.
1161 221 1287 264 Nobis
1305 221 1409 262 enim
1427 218 1506 261 hoc
1525 219 1630 261 scri-

176 299 245 349 pto
281 295 333 336 de
366 296 796 350 antiquissimarerum
833 296 1076 351 publicarum
1105 295 1261 337 ratione
1289 295 1426 350 egisse
1461 292 1631 343 videtur,

176 378 256 420 quo
285 373 403 422 pacto
433 374 475 411 et
500 374 593 411 ante
619 370 804 411 conditas
835 380 903 410 res
929 368 1109 422 publicas
1150 368 1333 409 homines
1363 366 1562 408 vixissent
1590 369 1631 406 et

176 439 289 492 ipsae
329 445 484 482 essent·
505 442 758 482 constitutae.
813 441 900 482 Fuit
938 441 1082 494 igitur,
1123 443 1165 479 ut
1190 440 1407 480 vernaculo
1439 450 1630 479 sermone

175 511 330 563 planius
357 512 524 566 loquar,
565 512 722 566 „Ueber
750 511 815 552 die
844 516 951 552 erste
981 509 1630 567 Gestaltung‚gesellschaftlicher

178 581 487 626 V-erhaltnisse.“
687 636 690 638 .
970 616 973 619 Δ

310 660 485 715 Mythum
527 663 658 702 autem
698 659 835 712 illum,
874 670 989 712 quem
1030 659 1125 701 Plat.
1157 659 1261 700 Prot.
1292 671 1384 713 pag.
1413 660 1505 701 320.
1540 660 1627 700 G—

174 732 269 774 322.
304 734 337 775 D
373 732 550 788 sophista
589 731 677 774 cum'
713 732 960 774 auditoribus
988 732 1283 783 communicat,
1325 744 1377 773 ex
1416 731 1494 773 hoc
1524 733 1627 774 libro

173 816 265 847 esse
304 807 512 860 repetitum
556 806 730 858 optime,
779 805 855 845 nisi
895 804 1039 854 fallor,
1087 804 1364 847 Wernsdorfio
1401 805 1501 853 (vid.
1546 805 1627 846 loc.

174 878 295 918 modo
327 879 433 927 ind.)
463 879 566 918 viam
594 883 811 930 praeeunte
838 878 1045 920 Herbstius
1078 877 1320 919 observavit.
1380 876 1482 926 Quin
1524 878 1628 918 enim

173 961 226 991 ex
270 949 513 1005 Protagorae
552 949 655 992 libro
703 950 836 1005 aliquo
880 935 989 990 Plato
1035 950 1114 990 hoc
1157 949 1211 989 it'a
1254 949 1542 1001 exscripserit,
1588 953 1630 988 ut

172 1034 253 1063 non
283 1023 404 1064 modo
437 1024 719 1064 sententiarum
749 1034 905 1076 nexus,
942 1023 1015 1064 sed
1045 1022 1206 1064 dicendi
1235 1034 1364 1076 genus
1395 1022 1625 1063 universum

174 1100 293 1149 atque
325 1095 388 1137 vel
415 1095 661 1150 singulorum
691 1095 905 1137 verborum
933 1094 1039 1136 haud
1071 1095 1124 1136 ita
1164 1106 1290 1148 pauca
1320 1095 1400 1135 sint
1432 1094 1630 1147 Protago-

169 1179 267 1216 rea,
307 1167 477 1233 dubitari
518 1179 599 1207 non
636 1172 781 1220 potest.
837 1168 925 1207 Hoc
958 1172 1068 1208 certe
1107 1167 1174 1208 vix
1210 1167 1337 1221 fugiat
1374 1178 1626 1219 quemquam,

167 1241 288 1305 totius
330 1239 411 1281 1οοὶ
453 1239 665 1281 dictionem
708 1251 730 1280 a
767 1238 931 1280 Platone
978 1225 1260 1281 abhorrentem
1306 1241 1450 1292 poetae
1496 1238 1626 1291 magis

169 1300 262 1353 esse
290 1302 409 1366 quarn
437 1323 582 1365 prosae
610 1312 805 1352 orationis
835 1300 1054 1364 scriptoris.
1112 1303 1242 1363 Atque
1273 1311 1349 1351 iam
1370 1301 1635 1351 Heindorfiusv

166 1385 218 1425 ad
247 1385 352 1425 Prot.
383 1396 473 1438 pag.
505 1384 599 1426 320.
631 1384 663 1424 E
692 1389 769 1425 tam
802 1384 1027 1424 locutiones
1055 1384 1246 1437 singulas,
1276 1388 1317 1424 ut
1350 1378 1505 1431 ἄοπλος
1535 1380 1631 1438 <pai--

163 1470 230 1503 σις
249 1490 260 1508 ,
285 1453 508 1510 μικρότητι
538 1455 794 1507 ἄμπισχεῖν,
828 1452 980 1507 πτηνὸς
1011 1453 1121 1509 φυγή
1140 1484 1153 1506 ,
1187 1454 1315 1506 aliae,
1354 1466 1469 1507 quam
1496 1459 1621 1495 tolum

163 1528 358 1568 orationis
387 1527 564 1567 colorem
595 1539 618 1567 a
648 1526 820 1566 Platonis
851 1526 940 1566 stilo
972 1525 1207 1567 discordare
1248 1529 1414 1568 monuit.
1485 1527 1621 1575 Quare

161 1610 241 1654 ego
270 1596 377 1640 hun‘c
405 1599 563 1651 locum,
606 1599 747 1652 quippe
787 1599 853 1650 qui
891 1597 942 1638 ad
972 1598 1218 1651 Protagorae
1245 1600 1450 1639 scribendi
1488 1611 1620 1651 genus

158 1671 476 1725 perspiciendum
513 1671 720 1724 plurimum
760 1670 986 1723 conferret,
1030 1672 1209 1724 quamvis
1240 1671 1413 1712 fortasse
1456 1670 1619 1725 longior

161 1755 253 1785 esse
286 1743 500 1795 videretur,
528 1743 593 1783 hic
622 1754 704 1783 non
735 1743 928 1797 exhibere
957 1743 1146 1797 religioni
1174 1730 1414 1785 habuissem.

267 1821 376 1862 Ecce
403 1822 521 1875 igitur
546 1821 700 1872 fabula,
724 1832 805 1874 qua
833 1821 902 1861 vix
929 1821 1139 1875 quicquam
1169 1822 1248 1863 dici
1276 1826 1409 1876 potest
1439 1822 1612 1875 elegan-

157 1892 234 1932 tius
272 1904 404 1945 neque
443 1891 550 1945 quod
589 1904 677 1932 cum
710 1893 953 1933 Graecorum
995 1883 1102 1933 v‘itae
1146 1906 1194 1934 ac
1236 1891 1433 1934 civitatum
1476 1895 1612 1935 indole

156 1964 284 2018 magis
317 1967 525 2018 congruat.
584 1963 743 2018 Legens'
775 1968 909 2005 tamen
939 1966 1098 2018 semper
1127 1969 1266 2006 teneas
1298 1965 1442 2015 velim,
1471 1966 1612 2007 Prota-

153 2048 282 2090 gorae
309 2047 391 2077 non
420 2048 512 2078 esse
541 2037 627 2089 ipsa
656 2036 796 2089 verba,
822 2037 896 2078 sed
916 2038 1150 2090 sententias,
1178 2038 1401 2078 locutiones
1430 2032 1609 2092 singulas

156 2109 285 2149 minus
310 2108 513 2162 vulgares,
545 2113 748 2162 totumque
775 2108 936 2150 dicendi
965 2122 1109 2165 genus,
1139 2121 1359 2181 quanquam
1392 2110 1565 2152 sortasse
1587 2123 1611 2151 a

155 2179 318 2222 Platone
347 2180 414 2221 hic
442 2181 522 2231 illic
553 2185 853 2235 exaggeratum.

856 2292 896 2334 4.

1364 2238 1390 2273 δ,

254 2384 342 2432 Ἦν
381 2390 483 2445 γάρ
532 2406 657 2433 ποτε
698 2390 930 2446 χρόνος,
977 2389 1071 2433 δ’τε
1110 2381 1242 2433 θεοῖ
1282 2394 1387 2445 μὲν
1431 2389 1603 2449 ἦσαν,

150 2461 314 2517 θνητὰ
364 2464 418 2505 δὲ
455 2465 575 2519 γένη
622 2464 721 2504 ουκ
765 2458 861 2518 ἦν.
905 2462 1097 2517 ἐπειδὴ
1143 2465 1198 2505 δὲ
1247 2467 1343 2507 καί
1390 2465 1603 2514 τούτοις

147 2533 339 2588 χρόνος
385 2530 550 2589 ἦλθεν
598 2527 952 2588 εἱμαρμένος
995 2537 1294 2591 γενέσεως,
1336 2541 1601 2579 τυποῦσιν

148 2604 291 2647 αὐτὰ
318 2607 440 2651 θεοι
466 2610 567 2661 γῆς
596 2606 751 2650 ἔνδον
778 2608 839 2649 ἐκ
868 2611 971 2662 γῆς
1001 2608 1092 2649 καί
1127 2608 1307 2664 πυρὸς
1335 2613 1600 2661 μίξαντες

145 2678 236 2718 καί
261 2679 365 2720 τῶν
396 2673 496 2720 δ’σα
534 2681 674 2733 πυρὶ
710 2695 797 2720 και
835 2682 900 2736 γῇ
933 2677 1274 2732 κεράννυται.
1332 2679 1525 2734 ἐπειδή
1557 2682 1602 2722 δ’

145 2764 297 2802 αγειν
327 2748 472 2793 αὐτὰ
502 2751 636 2804 πρὸς
663 2754 771 2807 φῶς
797 2749 1045 2807 ἔμελλον,
1089 2755 1429 2807 προσέταξαν
1460 2755 1598 2806 Hyo-

65 2871 75 2881 s
144 2824 330 2875 μηθεῖ
366 2825 458 2865 καί
497 2824 790 2880 Ἐπιμηθεῖ
825 2827 1127 2880 κοσμῆσαί
1163 2841 1220 2866 τε
1260 2823 1362 2865 καί
1402 2829 1598 2878 νεῖμαι
