1871 3204
778 118 1141 168 -144-

226 246 362 300 λέγων
395 242 511 299 παρὰ
537 243 751 299 Σωκράτει
778 239 888 286 εἶναι
924 241 999 285 ,τὸν
1025 238 1172 285 ἄδικον
1200 242 1323 297 λόγον
1340 223 1380 270 ·.
1400 244 1461 286 οὐ
1496 241 1573 298 γὰρ
1604 236 1693 284 Σωέ

224 317 380 373 κράτης
414 313 523 358 ἀ’λλὰ
560 314 861 370 Πρωταγόρας
900 312 922 356 o‘
947 316 1208 370 ’Ἀβδηρίτης
1253 316 1411 371 ἐφεῦρε
1436 316 1581 358 Ααὐτὸν
1621 318 1694 357 καί

222 390 454 432 ἐδίδασκεν.
510 388 593 431 Sed
623 389 832 431 Socratem
863 389 1151 443 phrontisterio
1193 389 1440 442 praefectum
1482 399 1574 429 esse
1606 399 1687 429 non

220 466 282 502 est
311 454 418 513 quod
444 462 650 503 miremur.
708 461 876 503 Ridetur
907 463 1013 504 enim
1043 462 1229 523 primaria
1258 451 1587 515 philosophorum
1615 461 1684 513 qui

218 537 312 574 tunc
341 537 459 583 erant
487 535 627 588 ratio,
667 547 745 589 qua
781 539 929 577 novam
958 535 1133 589 ingressi
1162 535 1266 576 viam
1300 534 1518 587 cogitando
1549 533 1682 574 omnia

219 597 554 672 θμρυῑατέηῑ
598 610 718 660 atque
762 609 879 648 vanis
918 607 1116 649 interdum
1159 612 1199 647 et
1240 608 1384 658 ineptis
1425 606 1702 659 quaestioni--

215 677 292 719 bus
331 689 498 732 operam
529 684 737 720 navarent.
797 679 1074 734 sophistarum
1116 680 1238 734 igitur
1258 684 1361 720 -tunc
1393 678 1683 720 celeberrimo-

211 762 300 791 rum
331 751 464 792 studia
493 751 572 791 hac
600 753 1049 808 μεριμνοφροντιστῶν
1082 752 1223 793 schola
1243 752 1457 812 amplexus
1487 756 1569 803 est,
1598 752 1681 793 So-

214 827 364 864 cratem
397 834 496 864 vero
526 822 856 877 philosophorum
896 823 1204 875 Atheniensium
1247 825 1350 866 illius
1380 825 1571 877 temporis
1601 835 1682 864 no-

213 896 409 936 tissimum
454 895 689 949 magistrum
737 906 876 936 eorum
920 895 1046 936 finxit.
1089 920 1144 927 —
1190 887 1376 937 Ceterum
1426 896 1682 937 falsissimum

184 964 188 967 ’
215 972 279 1008 est
309 967 417 1022 quod
447 968 653 1022 Kayserus
685 967 1004 1013 ed.-Philostrat.
1039 975 1129 1022 pag.
1163 969 1257 1009 200.
1291 970 1368 1010 ait:
1421 969 1533 1022 „Ipse
1573 970 1681 1011 anti-

211 1052 329 1095 quam
358 1051 471 1082 suam
500 1046 626 1083 artem
666 1052 758 1081 esse
795 1041 1080 1093 contendebat,
1113 1041 1197 1082 vid.
1227 1041 1322 1083 Plat.
1351 1042 1457 1085 Prot.
1487 1042 1584 1093 316,
1611 1042 1680 1082 ubi

208 1109 322 1167 ἥττω
349 1111 472 1165 λόγον
511 1114 687 1166 κρείττω
720 1112 870 1153 fecisse
908 1113 987 1153 iam
1018 1112 1235 1154 Homerum
1272 1113 1444 1155 affirmat
1481 1114 1681 1167 Protago-

208 1196 304 1225 ras:
336 1183 443 1225 adde
470 1185 602 1225 Tzetz.
624 1184 723 1225 Chil.
750 1184 818 1226 XI.
848 1185 974 1226 713.ss
1029 1185 1128 1226 Nam
1148 1185 1321 1227 Platonis
1348 1186 1451 1227 loco·
1472 1198 1524 1232 ne
1551 1187 1678 1229 verbo

209 1257 369 1311 quidem
396 1258 575 1310 tangitur
601 1256 696 1297 iliud
725 1253 838 1311 ἥττω
866 1255 985 1310 λόγον
1014 1259 1192 1311 κρείττω
1222 1263 1355 1298 ποιεῖν
1372 1264 1387 1307 ,“
1430 1258 1505 1299 sed
1536 1258 1679 1300 Prota-

208 1341 334 1384 goras
376 1330 453 1370 iam
491 1330 707 1370 Homerum
749 1330 984 1376 exercuisse
1024 1322 1088 1371 ait
1116 1334 1242 1375 artem
1274 1320 1559 1383 sophisticam,
1601 1343 1678 1385 qua

207 1402 395 1444 homines
421 1402 612 1444 meliores
640 1401 930 1443 redderentur:
956 1402 1082 1455 -vuigi
1109 1414 1209 1443 vero
1238 1402 1426 1445 invidiam
1463 1408 1509 1444 ut
1545 1404 1678 1445 evita-

208 1479 301 1526 ret,
332 1487 415 1516 non
443 1475 575 1528 palam
594 1480 597 1482 “
616 1474 721 1514 hanc
749 1478 874 1513 artem
903 1474 1128 1526 professum
1172 1486 1264 1514 esse
1283 1487 1305 1524 ,·
1333 1476 1405 1516 sed
1436 1477 1677 1526 carminibus

210 1548 501 1594 absconditam,
535 1547 765 1588 hominibus
806 1546 1039 1590 tradidisse.
1097 1547 1173 1588 Vix
1212 1548 1372 1601 quidem
1411 1550 1468 1610 ita
1512 1549 1679 1591 dixisset

210 1622 274 1660 vir
302 1621 445 1660 doctus
473 1620 540 1660 ille
557 1649 569 1670 ‚
600 1620 639 1661 si
670 1620 757 1671 ipse
786 1618 990 1659 Platonem
1015 1619 1262 1679 evolvisset,
1299 1632 1469 1673 neque„
1496 1622 1547 1661 id„
1567 1622 1675 1674 quod

208 1694 295 1747 plus
326 1691 451 1734 semel
481 1692 589 1745 fecit,
621 1691 797 1734 Herbstii
826 1691 951 1742 verba
983 1698 1095 1746 (pag.
1126 1692 1240 1743 130.)
1271 1694 1527 1746 paucioribus
1548 1694 1675 1736 'com-

205 1765 405 1820 prehensa
436 1765 610 1806 reddere
641 1765 741 1814 satis
773 1763 991 1806 habuisset.
1052 1765 1137 1814 Qua
1171 1765 1329 1818 quidem
1364 1766 1404 1807 in
1433 1778 1478 1814 re
1510 1751 1675 1821 insuper

206 1839 477 1894 negligentius
515 1842 699 1880 versatus
742 1842 817 1880 est.
875 1838 1083 1879 Herbstius
1126 1840 1232 1879 enim
1263 1836 1568 1901 Platonis-loco
1606 1841 1672 1883 illo

205 1915 304 1970 nihil
332 1915 612 1955 demonstrare
640 1912 767 1953 voluit
795 1913 874 1953 nisi
913 1908 1020 1965 quod
1057 1912 1193 1954 inesse
1223 1913 1344 1954 modo
1375 1914 1459 1967 ipsi.
1486 1914 1671 1956 diximus.

208 1989 320 2028 Haec
338 1991 468 2028 autem
483 1981 659 2027 Herbstii
673 1986 817 2025 verba:
850 1985 947 2038 „Mir
960 1985 1119 2026 scheint
1136 1986 1223 2026 dies
1241 1985 1463 2040 deswegen
1484 1987 1594 2028 nieht
1623 1999 1671 2028 so

208 2072 315 2114 ganz
346 2070 438 2103 vom
472 2058 581 2099 Plato
611 2057 816 2099 erdichtet
841 2070 891 2098 zu
932 2058 1022 2098 sein
1053 2083 1107 2090 —-
1134 2058 1227 2099 weil
1254 2058 1422 2100 Tzetzes
1451 2058 1549 2100 Hist.
1572 2060 1669 2101 Chil.

208 2133 275 2174 ΧΙ.
308 2132 404 2173 713.
450 2143 543 2172 vom
586 2131 829 2184 Protagaras
871 2135 994 2189 sagt,
1041 2143 1087 2171 er
1136 2132 1262 2171 -weise
1295 2131 1405 2187 'nach
1447 2133 1526 2173 wie
1570 2132 1670 2186 auch

207 2205 358 2246 Homer
388 2203 520 2246 sehon
553 2214 605 2244 an
633 2202 849 2244 mehreren
883 2203 1030 2245 Stellen
1060 2203 1147 2244 sich
1177 2203 1250 2245 des
1279 2198 1412 2258 ἥττων
1443 2194 1563 2258 λοίγος
1593 2193 1670 2253 [ιε’-

148 2316 151 2317 .
209 2274 465 2318 di·enthabe“
492 2287 606 2317 mer-a
624 2275 800 2317 Herbstii
836 2269 1082 2330 negligentia
1114 2275 1301 2328 nituntur,
1331 2277 1397 2329 qui
1429 2276 1479 2317 ad
1510 2278 1671 2331 ἐλέγχει

202 2364 240 2390 ν.
271 2349 365 2392 713.
393 2350 566 2403 itemque
598 2348 650 2390 ad
679 2347 807 2399 δειξει
838 2361 874 2390 v.
907 2348 1002 2389 717.
1038 2349 1258 2391 subiectum
1297 2349 1500 2402 pertinere
1534 2352 1668 2403 Πρω-

202 2419 388 2473 ταγόρας
417 2421 667 2472 opinabatur,
703 2432 793 2460 cum
822 2421 876 2461 sit
904 2420 1072 2462 Tzetzes
1105 2420 1218 2476 ipse,
1245 2421 1313 2474 qui
1343 2419 1393 2460 de
1425 2431 1471 2461 se
1499 2420 1668 2475 loquens

204 2493 322 2534 tertia
350 2492 405 2532 uti
434 2492 537 2532 solet
562 2505 752 2545 persona.
1628 2474 1712 2555 ὅ

337 2564 486 2617 Neque
533 2577 630 2606 vero
681 2570 871 2620 accurate
920 2566 1068 2607 dictum
1120 2569 1211 2613 est,
1262 2565 1368 2618 quod
1414 2577 1495 2607 non
1538 2566 1666 2607 solum

201 2639 306 2693 apud
351 2636 595 2692 Stephanum
637 2638 897 2692 Byzantium,
942 2637 1224 2692 Aristophanis
1266 2637 1535 2691 scholiastam,
1565 2639 1671 2680 Tze-

200 2717 317 2761 tzem>
347 2726 386 2754 v.
419 2711 515 2756 697.
562 2711 691 2763 iisque
734 2724 769 2765 q.
813 2724 957 2766 seqq.,
1005 2712 1078 2753 sed
1120 2712 1238 2752 etiam
1280 2712 1383 2766 apud
1427 2711 1671 2765 Aristopha-

199 2797 291 2827 nem
323 2786 449 2839 ipsum
490 2784 598 2826 locis.
633 2795 753 2838 supra
794 2784 963 2827 laudatis
1003 2786 1174 2839 legitur,
1213 2784 1470 2840 Protagoram
1500 2772 1569 2825 τὸν
1600 2781 1670 2839 ἥτ.

199 2872 258 2901 τω
305 2855 424 2912 λόγον
463 2858 671 2901 invenisse
700 2860 819 2910 atque
859 2859 1075 2911 docuisse,
1118 2861 1304 2911 tanquam
1337 2862 1447 2900 esset
1478 2854 1499 2897 ὁ
1534 2853 1673 2912 ἥττων
