1871 3204
264 266 325 307 IL·-
370 266 699 320 Protayoras
732 269 1052 322 cyzicenus,
1081 271 1144 311 cui
1176 269 1380 312 Nicander
1402 269 1609 323 Cotopho-

117 379 119 381 ,
152 337 600 394 ηἰυεἈλεξιφάρμακα
637 353 709 383 sva
734 343 952 396 inscripsit:
983 340 1062 384 vid.
1078 342 1257 397 Alexiph.
1290 356 1325 385 v.
1361 343 1401 386 3.
1435 346 1478 383 et
1506 353 1609 396 quae

152 413 360 453 annotavit
384 410 613 453 schotiasta.
662 414 776 458 (Vixit
808 416 928 467 igitur
957 415 1137 455 secundo
1169 420 1262 456 ante
1284 416 1485 457 Christum
1512 427 1611 456 sae-

152 483 256 525 cuto.
314 481 422 523 Idem
452 486 610 536 putatur
633 484 964 538 Protagorides‚·
986 487 1098 527 cuius
1127 498 1181 527 ex
1209 487 1367 541 scriptis
1394 487 1445 528 ab
1473 486 1608 528 Attie-

151 566 258 597 naeo
296 560 659 596 commemorantur
696 556 880 606 κωμικαί
915 555 1096 610 ἱστορίαι
1125 558 1192 599 lib.
1222 558 1285 599 lv.
1315 571 1407 612 pag.
1438 560 1530 602 124.
1559 559 1606 610 C,

151 622 372 680 ἀκροάσεις
399 624 598 689 ἐρωζικαί
633 627 699 669 lib.
720 627 784 669 lv,
815 640 905 682 pag.
928 628 1017 670 162.
1047 629 1090 680 C,
1120 630 1218 683 περὶ
1244 632 1473 685 Δαφνικῶν
1499 630 1611 685 ἀγώ-

151 691 234 740 νωὶι
261 700 348 740 sive
379 698 479 753 περὶ
507 702 590 741 τῶν
619 699 691 742 ἐπὶ
716 700 871 757 Δάφνῃ
902 699 1172 755 πανηγύρεων
1201 703 1268 744 lib.
1297 703 1361 744 IV.
1391 716 1482 758 pag.
1516 704 1607 746 150.

153 771 210 821 G,
245 771 335 813 176.
377 773 441 823 A,
474 772 641 814 183.·F.
699 772 817 813 Conf.
855 773 1142 815 Schneider-um
1182 775 1232 816 ad
1272 776 1456 829 Alexiph.
1501 788 1539 817 v.
1568 776 1608 827 3,

150 844 388 892 Meinekium
417 845 556 899 fragm.
588 857 690 886 corn.
720 854 857 900 graec.
891 846 967 888 vot.
997 846 1024 888 1.
1055 859 1149 902 pag.
1180 849 1240 889 12.
1284 847 1332 889 Εἰ
1349 848 1607 890 Maeandrius

151 920 264 968 pater
291 917 474 959 tribuitur
504 928 526 958 a
555 904 813 972 Bernhard'yo
838 918 888 959 ad
916 918 1024 960 Suid.
1054 919 1080 959 l.
1110 919 1134 960 l.

239 990 302 1031 ΙΙΙ.
360 990 586 1043 Prota-qo
597 1003 687 1031 rae
713 991 1007 1044 yeoyrapki
1026 989 1258 1044 γεωμετρία
1276 992 1349 1043 τῆς
1366 991 1609 1046 οἰκουμένης

152 1073 175 1101 a
197 1061 335 1103 Photio
367 1067 610 1106 memoratur
637 1063 732 1105 bibl.
758 1064 851 1105 cod.
874 1064 962 1105 188.
1004 1062 1184 1103 Eundem
1214 1062 1356 1102 librum
1386 1061 1611 1102 Marcianus

151 1134 389 1175 Heracleote
427 1147 522 1189 pag.
553 1137 619 1177 37.
662 1136 932 1190 γεωγραφιάν
974 1135 1095 1175 dicit:
1138 1133 1219 1174 vid.
1258 1132 1485 1187 Geograph.
1529 1139 1609 1184 vet.

151 1206 285 1260 script.
332 1217 470 1261 graec.
511 1207 604 1248 min.
647 1207 712 1247 ed.
746 1205 925 1247 Hudson.
967 1204 1102 1248 Oxou.
1134 1203 1253 1246 1698.
1289 1209 1384 1247 tom.
1412 1204 1443 1246 1.
1493 1204 1608 1247 Cont.

152 1279 332 1319 eiusdem
358 1290 452 1331 pag.
480 1279 549 1319 35.
579 1284 619 1319 et
643 1280 711 1328 55,
734 1279 864 1319 Tzetz.
896 1278 995 1319 Chit.
1027 1277 1110 1318 vn.
1140 1291 1180 1319 v.
1202 1278 1299 1319 647.

261 1349 324 1394 tv.
382 1349 731 1404 Protayoras
759 1350 1079 1404 astroloyus‚
1101 1350 1139 1392 in
1159 1362 1274 1404 quem
1293 1348 1612 1404 abEuphorione

153 1423 375 1476 epiced-ium
407 1435 500 1464 esse
527 1425 714 1475 scripturn
744 1424 800 1465 ait
828 1423 946 1476 Diog.
972 1423 1104 1464 Laert.
1130 1422 1198 1468 lib.
1229 1423 1298 1465 lx.
1325 1428 1366 1472 s.
1395 1423 1462 1464 56.

267 1494 416 1537 Eorum
444 1495 565 1550 igitur
591 1496 707 1538 unius
736 1500 887 1550 patrem
908 1495 1033 1537 fuisse
1048 1495 1309 1537 Artemonem
1339 1494 1445 1537 haud
1476 1496 1611 1549 inepte

154 1567 362 1607 coniicias.
417 1568 515 1609 Nam
547 1567 788 1622 Protagoras
815 1568 1029 1621 Euagorae
1059 1567 1174 1617 filius,
1205 1568 1415 1608 Salaminis
1443 1568 1611 1620 Cyprio-

154 1652 240 1681 rum
279 1640 469 1695 regulus,
513 1640 564 1681 de
603 1652 682 1695 quo
721 1641 905 1682 dixerunt
945 1641 1076 1682 Simso
1117 1640 1259 1681 chron.
1298 1639 1443 1682 cathol.
1485 1652 1523 1682 a.
1556 1653 1608 1682 m.

156 1712 283 1754 3654.
313 1718 353 1754 et
380 1714 587 1767 Menagius
616 1715 668 1754 ad
694 1715 813 1769 Diog.
844 1715 973 1755 Laert.
1005 1714 1073 1755 lib.
1093 1714 1158 1756 IX.
1189 1722 1226 1766 5.
1256 1713 1326 1765 56,
1354 1726 1406 1754 ex
1428 1719 1610 1755 veterum

153 1787 312 1839 scriptis
355 1787 433 1826 iam
474 1787 647 1827 evanuit.
719 1787 964 1841 Protagorae
1008 1789 1114 1827 enim
1153 1787 1327 1828 nominis
1368 1786 1462 1828 loco
1506 1786 1611 1839 apud

153 1859 372 1899 Diodorum
401 1858 572 1900 Siculum
600 1858 665 1902 lib.
699 1859 803 1899 XVI.
835 1871 923 1911 cap.
952 1860 1084 1900 XLVI.
1124 1866 1160 1909 §.
1198 1862 1241 1907 1,
1271 1861 1307 1900 2.
1341 1864 1380 1900 et
1407 1860 1446 1900 3.
1507 1861 1608 1900 Din-

155 1931 318 1981 dorstus,
357 1935 396 1971 et
439 1931 625 1971 Isocratis
666 1930 839 1984 Euagor.
872 1943 966 1984 pag.
995 1931 1089 1972 901.
1151 1930 1357 1971 Bekkerus
1401 1931 1609 1983 Pnytago-

153 2014 239 2043 ram
268 2003 534 2043 restituerunt.
592 2003 651 2042 De
682 2002 900 2055 Protagora
920 2001 1018 2042 Eleo
1049 2014 1138 2054 cap.
1162 2001 1189 2041 1.
1219 2001 1365 2042 dictum
1396 2006 1472 2041 est.
1505 2002 1618 2042 Pro--v

154 2075 319 2116 balisius
350 2087 448 2116 vero
480 2075 719 2129 Protagoras
750 2075 789 2115 in
817 2074 923 2127 Papii
949 2074 1109 2116 lexicon
1143 2080 1197 2125 (s,
1229 2087 1267 2115 v.
1300 2072 1609 2128 Πρωταγόρας·

153 2147 251 2199 „Ein
276 2147 470 2197 Athener‚
500 2146 807 2199 Προβαλίσιος,
834 2146 955 2188 inser.
989 2148 1102 2191 148.“
1107 2157 1125 2195 J
1163 2146 1402 2187 subditicius
1434 2147 1607 2199 irrepsit.

155 2218 429 2272 Inscriptionis
471 2219 573 2259 enim
618 2218 667 2259 ab
712 2217 778 2259 illo
833 2218 1034 2260 indicatae
1077 2218 1262 2260 versibus
1301 2218 1339 2260 7.
1384 2218 1423 2260 9.
1461 2223 1503 2260 et
1542 2220 1608 2263 21.

154 2291 523 2333 flPOTAPXOI
552 2291 970 2334 ΠΡΟΒΑΛΙΣΙΟΙ
1000 2290 1281 2349 (Πρωτάρχῳ
1310 2293 1609 2349 Προβαλισίῳ)

152 2364 320 2419 legitur:
351 2364 592 2418 Protagoras
621 2367 864 2405 memoratur
891 2363 1032 2405 nullus.

720 2541 925 2575 CAPUT
956 2542 1038 2575 lv.

152 2706 157 2710 η
221 2658 229 2662 ”
261 2655 325 2713 pe}
349 2654 594 2708 Protagorae
625 2652 1035 2707 temporibusbmirum
1074 2656 1137 2694 est
1174 2654 1319 2706 quanta
1358 2653 1462 2693 inter
1499 2651 1606 2691 viros

152 2729 295 2771 doctos
318 2729 369 2770 sit
399 2728 616 2780 dissensio,
644 2727 942 2779 rationibusque
973 2738 1089 2780 quam
1123 2727 1293 2770 diversis
1326 2727 1504 2767 diversas
1526 2722 1607 2764 sut-

152 2803 280 2844 serint
322 2802 553 2843 sententias.
613 2800 732 2842 Cuius
776 2799 1042 2841 dissensionis
1073 2800 1175 2840 haec
1204 2799 1276 2850 suit
1308 2808 1451 2845 causa,
1498 2795 1607 2858 quor!

154 2879 331 2916 veterum
372 2876 608 2928 scriptorum
649 2873 753 2924 loci,
794 2871 860 2925 qui
897 2870 948 2912 ad
990 2871 1235 2924 Protagorae
1269 2873 1437 2910 aetatem
1478 2869 1607 2922 perti·
1642 2900 1646 2903 >
