1871 3204
728 120 1055 165 ...25—

163 243 392 296 ὄλυμπιὰδι
411 274 423 295 ,
465 246 707 298 τεθνηκέναι
750 246 797 285 δὲ
839 247 895 299 τῷ
925 244 1072 301 πρώτῳ
1102 242 1185 285 ἔτει
1217 245 1291 297 τῆς
1318 240 1627 296 ἑβδομηκοστῆς

165 316 331 371 ὀγδόης.
391 316 627 369 Apollodori
657 317 759 358 ratio
788 317 826 358 ei
865 328 967 371 quae
1006 317 1116 369 prior
1154 316 1270 357 allata
1297 319 1360 357 est
1390 326 1414 355 a
1441 314 1627 368 Diogene

160 391 368 441 repugnat.
426 382 525 428 Nam
558 389 624 441 qui
655 389 882 452 olympiade
926 389 1219 442 septuagesima
1260 392 1377 429 natus
1405 391 1627 439 septuage-

124 470 126 472 “
162 462 262 502 sima
300 464 454 501 octava
477 461 673 512 moritur,
715 473 802 503 non
835 473 908 515 per
945 472 1074 502 annos
1112 462 1360 515 septuaginta
1400 460 1506 511 duo,
1551 457 1626 499 sed

168 534 331 587 triginta
364 533 442 573 duo
471 535 620 572 tantum
651 532 770 572 vitam
797 531 919 584 degit.
975 531 1113 571 Falsus
1144 543 1243 584 ergo
1266 536 1327 571 est
1349 536 1414 571 aut
1435 531 1627 602 alteruter

165 594 402 658 Apollodori
420 616 690 655 numerorum,
721 608 788 645 aut
801 604 1068 657 Anaxagoras
1086 604 1246 657 triginta
1264 604 1341 644 duo
1368 608 1517 645 tantum
1548 615 1625 644 an-

159 687 236 717 nos
264 667 438 716 vivendo
468 676 652 729 explevit.
710 675 911 716 Posterius
946 675 1025 715 hoc
1055 675 1123 715 vix
1150 675 1311 727 probari
1340 677 1498 727 poterit.
1556 674 1623 714 Iu-

164 749 279 789 venis
315 749 456 802 viginti
501 760 694 797 annorum
723 748 894 789 Athenis
931 747 1201 801 philosophari
1244 748 1443 801 incepisse
1486 746 1622 800 ibique

159 833 231 874 per
260 821 422 874 triginta
451 832 581 861 annos
612 821 763 861 vixisse
796 821 938 861 dicitur
967 821 1069 873 apud
1091 822 1315 874 Diogenem
1344 820 1410 860 lib.
1430 820 1477 863 ΙΙ.
1507 828 1546 871 §.
1566 820 1619 859 7:

153 887 340 945 ’‘Helgaro
373 893 418 933 δὲ
449 896 700 947 φιλοσοφεῖν
730 890 963 949 Ἀθήνῃσιν
1003 894 1074 934 ἐπὶ
1100 893 1293 933 Καλλίου
1333 892 1435 931 ἐτῶν
1465 889 1622 931 εἴκοσιν

163 959 250 1015 ὤν,
294 960 350 1012 ὥς
380 980 484 1018 φησι
514 964 758 1018 Δημήτριος
784 963 804 1004 ὃ
837 962 1061 1019 Φαληρεὺς
1103 962 1148 1006 ἐν
1185 963 1234 1020 τῇ
1276 963 1361 1005 τῶν
1389 951 1621 1016 ἀ’ρχόντων

159 1035 400 1092 α’ναγραφῇ·
457 1033 562 1076 ἔνθα
589 1037 667 1076 καί
691 1051 821 1089 φασιν
852 1033 978 1075 αὐτὸν
1007 1037 1113 1076 ἑτῶν
1140 1036 1367 1087 διατρῖψαι
1384 1031 1619 1085 τριάκοντα.

157 1109 194 1148 Α
221 1108 429 1148 Plutarcho
476 1120 603 1148 senex
634 1112 878 1148 memoratur
909 1107 1048 1148 Pericl.
1082 1119 1172 1159 cap.
1206 1106 1314 1147 XVI:
1362 1107 1455 1147 Kal
1478 1107 1620 1157 μέντοι

155 1194 204 1233 γε
221 1177 294 1221 τὸν
306 1175 598 1234 Ἀναξαγόραν
628 1177 756 1220 αὐτὸν
786 1180 977 1232 λέγουσιν
1008 1174 1327 1231 ἀσχολουμένου
1356 1179 1620 1230 Περικλέους

158 1250 441 1303 ἀμελούμενον
482 1253 651 1291 κεῖσθαι
691 1252 1087 1303 συγκεκαλυμμένον
1119 1244 1197 1304 ἤδη
1226 1247 1403 1304 γηραιὸν
1432 1248 1619 1301 ἀποκαρ-

164 1322 381 1374 τεροῦντα.
439 1308 526 1362 Vid.
558 1323 677 1362 etiam
705 1322 849 1363 Suidas
880 1333 913 1362 s.
943 1324 984 1362 'v.
1012 1321 1327 1375 Ἀναξαγόρας·
1355 1317 1545 1374 Ἐξῆγαγε
1574 1320 1622 1359 δὲ

162 1395 241 1433 τοῦ
270 1393 344 1445 ζῆν
382 1390 533 1435 ἑαυτὸν
564 1396 691 1435 ἐτέων
731 1390 1029 1447 ἑβδομήκοντα.
1088 1393 1347 1436 Statuendum
1377 1393 1499 1447 igilur
1534 1392 1625 1442 erit,

155 1470 223 1506 aut
250 1466 425 1518 priorem
441 1463 676 1518 Apollodori
708 1476 913 1505 numerum
942 1461 1231 1520 ἑβδομηκοστῇ
1259 1467 1326 1504 aut
1351 1463 1618 1517 posteriorem

157 1533 468 1592 ἑβδομηκοστῆς
512 1534 662 1592 ὀγδόης
700 1537 847 1577 mendo
879 1549 972 1578 esse
1012 1537 1210 1580 affectum.
1268 1537 1446 1578 Priorem
1475 1547 1619 1576 corru-

156 1614 264 1662 ptum
293 1611 446 1662 putavit
467 1610 641 1662 Geelius,
671 1611 851 1663 quamvis
883 1610 969 1650 sine
999 1609 1077 1650 ulla
1104 1610 1206 1650 iusta
1237 1622 1373 1660 causa,
1401 1621 1489 1650 cum
1518 1609 1619 1662 ipse,

156 1694 365 1735 perperam
385 1682 557 1734 quidem,
571 1683 819 1736 γεγενῆσθαι
839 1683 1122 1735 interpretatus
1136 1683 1186 1722 sit
1198 1682 1366 1723 vimisse.
1394 1683 1493 1723 Nam
1507 1683 1617 1722 Ana-

156 1766 345 1808 xagoras,
377 1756 410 1795 si
440 1754 676 1807 olympiadis
704 1756 1024 1809 septuagesimae
1053 1760 1221 1796 octavae
1239 1767 1344 1796 auno
1362 1756 1504 1809 primo,
1525 1759 1617 1795 ante

155 1826 246 1867 Chr.
278 1830 357 1867 nat.
391 1826 473 1867 468
496 1857 507 1877 ,
533 1831 710 1867 mortuus
739 1831 830 1878 est,
857 1827 897 1867 id
927 1828 1034 1879 quod
1067 1828 1207 1869 Geelio
1236 1829 1508 1881 probaverunt
1539 1828 1615 1867 viri

154 1898 283 1952 docti,
324 1898 442 1950 idque
482 1910 587 1938 anno
619 1900 759 1938 aetatis
788 1899 915 1939 altero
946 1904 986 1938 et
1014 1901 1339 1952 septuagesimo,
1380 1912 1453 1940 cur
1481 1901 1611 1952 olym-

154 1970 274 2024 piade
303 1971 596 2024 septuagesima
626 1971 711 2011 sive
741 1970 849 2011 circa
880 1982 1025 2011 annum
1054 1971 1149 2012 500.
1180 1973 1319 2012 vivere
1347 1984 1428 2012 non
1458 1972 1612 2026 poluit?

151 2043 275 2084 immo
309 2044 451 2084 vixerit
480 2055 652 2084 necesse
683 2048 757 2083 est.
813 2043 952 2096 Neque
979 2056 1081 2085 unus
1113 2056 1164 2084 ex
1190 2045 1288 2085 viris
1318 2044 1474 2096 doctis,
1505 2057 1609 2098 quos

151 2116 311 2157 Geelius
341 2120 503 2156 secutus
533 2120 608 2166 est,
640 2116 748 2156 circa
778 2118 1113 2170 septuagesimam
1144 2117 1408 2170 olympiadem
1439 2118 1610 2158 Anaxa-

147 2200 289 2241 goram
320 2188 468 2229 vixisse
499 2190 685 2242 negavit,
727 2200 857 2241 neque
897 2193 959 2230 est
989 2191 1150 2230 omnino
1184 2202 1256 2230 cur
1291 2195 1463 2244 negetur
1502 2191 1610 2243 quod

144 2274 262 2303 nemo
296 2262 563 2303 affirmaverit.
620 2261 893 2315 Apollodorus
932 2264 1037 2303 enim
1069 2275 1149 2304 non
1181 2263 1339 2304 vixisse
1367 2263 1441 2304 sed
1470 2263 1622 2304 natum*

145 2347 237 2375 esse
281 2335 375 2375 dicit
417 2322 701 2388 Anaxagoram
744 2335 970 2388 olympiade
1013 2338 1334 2391 septuagesima,
1375 2337 1497 2390 idque
1534 2337 1609 2378 fuit

147 2408 213 2462 qui
243 2407 385 2448 salsum
416 2411 584 2460 putaret.

189 2484 192 2486 ’
262 2480 447 2521 Ceterum
490 2492 579 2522 cum
608 2478 796 2531 GeeliuS‚
839 2492 911 2529 cur
939 2480 1176 2535 Apollodori
1217 2482 1393 2535 priorem
1434 2480 1608 2522 mendo-

146 2565 246 2605 sum,
268 2554 434 2596 alterum
452 2568 591 2597 verum
619 2556 726 2597 dicat
756 2567 977 2609 numerum,
1007 2557 1186 2598 rationes
1216 2556 1399 2610 proprias
1428 2554 1607 2610 proferat

137 2626 283 2675 nullas,
312 2628 427 2680 ipsae
455 2628 631 2670 virorum
662 2628 870 2669 doctorum
902 2631 1144 2681 sententiae,
1173 2629 1225 2670 ad
1255 2641 1354 2682 quas
1389 2628 1603 2681 delegasse

139 2699 237 2740 satis
267 2699 399 2753 hahet,
430 2700 510 2741 iam
538 2701 657 2746 nohis
689 2700 949 2743 illustrandae
978 2694 1082 2744 Sunt.

252 2773 288 2813 A
318 2772 457 2814 Geelio
489 2773 529 2814 in
575 2774 843 2816 testimonium
892 2779 1089 2817 vocantur
1119 2775 1316 2830 Diogenis
1356 2775 1608 2814 commenta-

153 2847 289 2897 tores,
331 2845 475 2899 quique
504 2845 717 2888 laudantur
743 2845 792 2887 ab
823 2845 1008 2889 Harlesio
1036 2847 1087 2889 ad
1115 2846 1285 2888 Fabricii
1314 2844 1606 2887 Bibliothecam
