1871 3204
806 156 1133 199 -51..-

239 276 535 332 ὁμολογοῦντα
554 278 738 327 ,contactae
768 274 821 320 ἄν
851 276 1008 331 οἴχοιτο
1037 277 1290 332 ἀποτρέχων.
1338 278 1504 328 *Quibus
1525 289 1578 318 ex
1603 290 1700 318 ver-

238 351 307 391 bis
331 362 447 404 quum
479 350 773 405 quodammodo
809 350 1107 392 demonstrandi
1139 352 1232 400 vim,
1262 363 1363 404 quae
1395 352 1436 393 in
1465 350 1557 393 sillo
1590 351 1699 401 insit,

237 424 499 476 repetendam
531 436 623 464 esse
654 424 790 473 dicat,
818 429 860 465 ut
885 424 1062 465 Timonis
1094 424 1239 484 dictum
1273 427 1433 467 nonnisi
1461 426 1538 466 illis
1572 436 1702 465 acce-

242 495 426 537 dentibus
457 498 678 550 argumenti
697 497 854 549 pondus
882 496 1042 547 habeat,
1071 490 1253 537 iamsillo
1273 498 1312 538 in
1331 511 1524 550 praesens
1545 498 1699 539 omisso

240 568 418 610 Platonis
461 568 553 610 loco
602 571 849 621 quantopere
892 567 1066 607 Herbstii
1113 579 1235 607 causa
1276 569 1432 610 iuvetur
1475 570 1696 610 videamus.

244 641 376 682 Verba
412 638 570 691 ,οἴχοιτο
615 639 862 692 ἀποτρέχων
900 641 1195 692 inepteposita
1239 653 1330 682 csse
1370 644 1425 683 ait
1466 644 1543 683 nisi
1586 643 1697 683 Plato

217 712 373 758 ,aliam
394 711 591 765 quandam
618 723 703 751 rem
736 711 941 752 cavillatus
972 712 1044 763 sit,
1086 712 1518 768 fugamAProtagorae,
1561 715 1699 770 ignavi

206 783 397 847 mm
426 786 593 826 Socrate
626 784 869 835 conferatur,
901 786 966 837 qui
996 785 1090 826 forti
1124 788 1257 827 animo
1289 792 1460 845 mortem*
1487 789 1699 841 oppetierit

241 852 377 897 &mia
410 855 620 908 expeditae
660 854 780 909 fugae
812 856 1039 897 adiumenta
1070 862 1317 910 aspernatus.
1373 859 1576 899 Hactenus
1609 872 1699 900 cum

245 927 430 969 Herbstio
460 928 690 968 consentire
716 939 902 980 possum:
942 929 1013 970 sed
1042 929 1141 970 ultra
1169 931 1360 984 progredi
1391 942 1473 970 non
1505 931 1697 971 debebat:

245 1002 324 1041 iam
368 988 473 1041 enim
515 999 628 1040 locus
670 1012 781 1041 suam
821 1001 941 1042 habet
980 1001 1301 1054 explicationem.
1361 1002 1414 1042 At
1451 1002 1519 1041 hic
1555 1002 1699 1055 pedem

246 1074 391 1115 sistere
417 1072 510 1114 ideo
535 1084 616 1113 non
649 1073 757 1114 licuit
783 1073 984 1124 Herbstio‚
1014 1074 1105 1126 quia
1135 1074 1170 1114 is
1200 1078 1263 1113 est
1291 1072 1419 1122 locus,
1448 1085 1543 1126 quo,
1574 1078 1616 1115 ut
1647 1075 1700 1115 ita

245 1146 399 1197 dicam,
419 1162 422 1165 ·
443 1149 525 1186 tota
559 1146 644 1185 eius
673 1145 729 1185 de>
751 1146 890 1185 mortis
922 1156 1029 1184 anno
1058 1144 1256 1184 sententia
1285 1145 1433 1185 nititur.
1493 1144 1619 1193 Quam
1651 1146 1703 1188 ad

244 1218 554 1260 confirmandam
586 1229 674 1257 cum
715 1218 756 1257 in
788 1215 968 1269 simplice
999 1215 1065 1256 illa
1095 1215 1361 1269 explicatione
1390 1216 1485 1257 nihil
1516 1217 1703 1259 invenia-

242 1296 330 1343 tur,
362 1292 479 1332 etiam
510 1291 605 1331 novi
634 1290 782 1343 aliquid
812 1289 1028 1329 accederet
1054 1302 1225 1330 necesse
1249 1295 1348 1331 erat.
1405 1291 1701 1333 Pulcheriorem

242 1364 399 1406 scilicet
426 1375 517 1404 esse
560 1363 639 1403 loci
673 1363 910 1403 sententiam
941 1363 1214 1416 aptioremque
1258 1365 1594 1417 comparationem
1614 1394 1626 1415 ‚
1666 1366 1702 1406 si

243 1441 409 1489 uterque
450 1436 603 1476 eodem·
634 1440 814 1487 tempore
845 1436 910 1475 vel
947 1436 1189 1488 Protagoras
1222 1436 1353 1488 paullo
1390 1442 1481 1489 post
1521 1442 1701 1479 mortuus

243 1510 307 1553 sit.
363 1507 522 1548 Minime
553 1505 713 1559 quidem
742 1517 787 1546 se
814 1516 992 1558 negare,
1030 1506 1148 1546 etiam
1185 1518 1237 1546 ex
1263 1507 1398 1559 priore
1427 1506 1492 1547 illa
1519 1506 1701 1560 explica-

244 1581 352 1620 tione
380 1580 567 1620 idoneam
598 1590 690 1618 esse
726 1578 938 1617 verborum
970 1575 1130 1630 οἴχοιτο
1157 1578 1401 1630 ἀποτρέχων
1434 1580 1699 1622 sententiam:

233 1641 315 1694 'sed
349 1651 478 1702 hanc,
519 1663 635 1704 quam
672 1650 759 1703 ipse
796 1653 1021 1703 proponat,
1069 1648 1190 1690 multo
1232 1660 1324 1690 esse
1370 1650 1699 1694 commodiorem.

244 1725 358 1774 Quod
399 1736 515 1776 quam
554 1724 605 1764 sit
636 1723 929 1775 argutissimum
972 1723 1059 1774 quis
1098 1727 1160 1762 est
1196 1724 1290 1774 quin
1330 1723 1505 1764 videat?
1562 1725 1604 1766 Si
1647 1724 1700 1765 ad

243 1794 399 1848 οἴχοιτο
443 1793 685 1847 ἀποτρέχων
728 1793 1028 1847 intelligendum
1074 1793 1294 1834 lectoribus
1339 1794 1586 1849 Protagorae
1634 1796 1701 1837 su-

244 1881 322 1921 gae
358 1868 585 1907 meminisse
628 1877 727 1917 opus
768 1870 876 1916 erat,
917 1867 1053 1918 quidni
1093 1866 1171 1906 hoc
1199 1868 1399 1918 potuerint
1424 1868 1591 1909 Socrate
1621 1868 1698 1910 ali-

246 1945 393 1994 quanto
433 1942 523 1992 post
563 1937 1056 1991 Protagoram*m0rtuo?
1126 1936 1248 1978 Immo
1298 1938 1482 1991 equidem
1525 1951 1577 1982 ex
1616 1940 1696 1981 hoc

244 2012 450 2053 Theaeteti
478 2010 568 2050 loco
610 2011 845 2050 sententiam
885 2009 1016 2048 efficio
1046 2008 1307 2049 Herbstianae
1332 2022 1497 2062 prorsus
1527 2016 1697 2053 contra-

246 2087 362 2136 riam‚
394 2097 509 2138 quam
541 2089 580 2133 §.
610 2083 647 2125 7.
680 2082 914 2136 explicatam
942 2081 1112 2123 videbis.
1142 2081 1268 2122 Etiam
1298 2082 1398 2123 ultra
1428 2082 1697 2137 progrediens

244 2158 493 2199 Hermannus
513 2157 630 2196 ullam
654 2156 814 2196 omnino
835 2150 1282 2195 inesse'cavitlationem
1301 2158 1465 2207 negavit
1481 2169 1572 2210 pag.
1591 2155 1696 2199 3642

246 2231 311 2283 „ln
341 2230 413 2271 der
439 2228 558 2270 Stelle
588 2228 660 2267 des
672 2226 863 2267 Theaetet
892 2225 1053 2267 konnen
1087 2227 1161 2267 wir
1182 2227 1251 2268 mit
1267 2227 1380 2269 *aller
1410 2229 1699 2286 Anstrengung

247 2302 350 2345 auch
390 2301 499 2342 nicht
533 2299 598 2340 die
641 2299 846 2352 geringste
877 2298 1125 2353 Anspielung
1171 2299 1242 2340 auf
1265 2300 1454 2341 Socrates
1493 2301 1577 2342 Tod
1618 2302 1699 2344 und

246 2377 486 2429 Protagoras
516 2371 859 2425 Gleichzeitigkeit
905 2372 975 2412 mit
996 2372 1239 2414 *demselben
1281 2374 1543 2416 entdecken.“
1613 2376 1701 2418 No-

248 2451 400 2493 biscum
447 2447 648 2489 consentit
694 2446 810 2486 etiam
852 2444 1057 2498 Kayserus
1101 2446 1285 2487 Philostr.
1331 2448 1424 2489 edit.
1466 2460 1559 2503 pag.
1592 2450 1697 2502 902:

246 2520 372 2575 „Nihil
409 2521 581 2573 probant
608 2518 750 2572 reliqui
789 2517 868 2558 loci
897 2528 999 2570 quos
1028 2518 1236 2560 Herbstius
1265 2519 1406 2573 affert,
1449 2521 1557 2563 Sext.
1589 2520 1699 2575 Emp.

245 2595 337 2637 adv.
362 2592 494 2647 Phys.
522 2593 590 2635 lib.
620 2593 689 2635 lX.
722 2597 762 2642 §.
795 2590 859 2633 56.
891 2595 931 2631 et
956 2590 1052 2633 Plat.
1082 2592 1245 2634 Theaet.
1281 2593 1371 2635 171.
1401 2594 1472 2636 D.“
1533 2593 1593 2636 En
1623 2593 1701 2635 ha-

230 2668 319 2711 bes
362 2665 568 2707 Theaeteti
604 2664 765 2717 locum,
803 2676 826 2705 a
868 2674 945 2716 quo
989 2664 1031 2704 in
1071 2668 1208 2706 cetera
1254 2665 1430 2708 Herbstii
1467 2669 1697 2721 argumenta

245 2738 445 2795 probandi
476 2738 537 2779 vis
565 2738 801 2791 pondusque
830 2735 1047 2787 redundet,
1087 2737 1243 2779 scilicet
1280 2738 1405 2792 ipsum
1445 2737 1522 2778 hac
1557 2737 1700 2780 virtute

244 2813 486 2854 destitutum.
528 2810 631 2860 Quid
661 2823 767 2853 nunc
794 2809 881 2852 sillo
910 2808 989 2860 liet,
1019 2820 1098 2863 quo
1127 2821 1264 2865 parum
1296 2809 1559 2851 demonstrari
1579 2820 1702 2865 posse

246 2884 454 2925 Herbstius
503 2882 715 2926 confessus
759 2887 821 2925 est
860 2881 936 2923 n-isi
968 2881 1192 2925 accedente
1223 2882 1396 2923 Platonis
1427 2882 1702 2925 auctoritate?
