<?xml version="1.0" encoding="UTF-8"?>
<!DOCTYPE html PUBLIC "-//W3C//DTD XHTML 1.0 Transitional//EN"
    "http://www.w3.org/TR/xhtml1/DTD/xhtml1-transitional.dtd">
<html xmlns="http://www.w3.org/1999/xhtml" xml:lang="en" lang="en">
 <head>
  <title>
</title>
<meta http-equiv="Content-Type" content="text/html;charset=utf-8" />
  <meta name='ocr-system' content='tesseract 3.04.00' />
  <meta name='ocr-capabilities' content='ocr_page ocr_carea ocr_par ocr_line ocrx_word'/>
</head>
<body>
  <div class='ocr_page' id='page_1' title='image "./4738009_0123.png"; bbox 0 0 1871 3204; ppageno 0'>
   <div class='ocr_carea' id='block_1_1' title="bbox 707 128 1069 174">
    <p class='ocr_par' dir='ltr' id='par_1_1' title="bbox 707 128 1069 174">
     <span class='ocr_line' id='line_1_1' title="bbox 707 128 1069 174; baseline -0.003 -1"><span class='ocrx_word' id='word_1_1' title='bbox 707 128 1069 174; x_wconf 82' lang='lat'>—105-</span> 
     </span>
    </p>
   </div>
   <div class='ocr_carea' id='block_1_2' title="bbox 162 248 1629 601">
    <p class='ocr_par' dir='ltr' id='par_1_2' title="bbox 162 248 1624 381">
     <span class='ocr_line' id='line_1_2' title="bbox 164 248 1624 313; baseline -0.005 -17"><span class='ocrx_word' id='word_1_2' title='bbox 164 253 298 311; x_wconf 57' lang='grc' dir='ltr'>»Ἐτεῇ</span> <span class='ocrx_word' id='word_1_3' title='bbox 343 255 390 297; x_wconf 79' lang='grc' dir='ltr'>δὲ</span> <span class='ocrx_word' id='word_1_4' title='bbox 431 255 554 297; x_wconf 74' lang='grc' dir='ltr'><em>οὐδὲν</em></span> <span class='ocrx_word' id='word_1_5' title='bbox 591 252 742 306; x_wconf 74' lang='grc' dir='ltr'><em>ἴδμεν·</em></span> <span class='ocrx_word' id='word_1_6' title='bbox 801 252 846 297; x_wconf 80' lang='grc' dir='ltr'>ἐν</span> <span class='ocrx_word' id='word_1_7' title='bbox 887 255 1010 313; x_wconf 68' lang='grc' dir='ltr'>βυθῷ</span> <span class='ocrx_word' id='word_1_8' title='bbox 1040 252 1122 309; x_wconf 74' lang='grc' dir='ltr'>γάρ</span> <span class='ocrx_word' id='word_1_9' title='bbox 1166 251 1192 309; x_wconf 82' lang='grc' dir='ltr'><strong><em>ἦ</em></strong></span> <span class='ocrx_word' id='word_1_10' title='bbox 1232 251 1453 306; x_wconf 50' lang='lat' dir='ltr'>daria-sea!</span> <span class='ocrx_word' id='word_1_11' title='bbox 1510 248 1624 289; x_wconf 83' lang='lat' dir='ltr'>Conf.</span> 
     </span>
     <span class='ocr_line' id='line_1_3' title="bbox 162 328 640 381; baseline 0.002 -12"><span class='ocrx_word' id='word_1_12' title='bbox 162 328 396 369; x_wconf 84' lang='lat' dir='ltr'><strong>Muilachius</strong></span> <span class='ocrx_word' id='word_1_13' title='bbox 424 340 514 381; x_wconf 89' lang='lat' dir='ltr'>pag.</span> <span class='ocrx_word' id='word_1_14' title='bbox 547 329 640 370; x_wconf 74' lang='lat'><strong>205.</strong></span> 
     </span>
    </p>

    <p class='ocr_par' dir='ltr' id='par_1_3' title="bbox 166 393 1629 601">
     <span class='ocr_line' id='line_1_4' title="bbox 279 393 1629 455; baseline -0.006 -13"><span class='ocrx_word' id='word_1_15' title='bbox 279 401 518 455; x_wconf 80' lang='lat' dir='ltr'>Protagoras</span> <span class='ocrx_word' id='word_1_16' title='bbox 545 413 645 442; x_wconf 88' lang='lat' dir='ltr'>vero</span> <span class='ocrx_word' id='word_1_17' title='bbox 673 412 793 441; x_wconf 86' lang='lat' dir='ltr'>unam</span> <span class='ocrx_word' id='word_1_18' title='bbox 823 400 1041 441; x_wconf 88' lang='lat' dir='ltr'><strong>motionem</strong></span> <span class='ocrx_word' id='word_1_19' title='bbox 1072 410 1164 440; x_wconf 91' lang='lat' dir='ltr'><strong>esse</strong></span> <span class='ocrx_word' id='word_1_20' title='bbox 1199 397 1324 448; x_wconf 90' lang='lat' dir='ltr'><strong>dicit,</strong></span> <span class='ocrx_word' id='word_1_21' title='bbox 1352 395 1461 437; x_wconf 91' lang='lat' dir='ltr'><strong>unde</strong></span> <span class='ocrx_word' id='word_1_22' title='bbox 1493 393 1629 435; x_wconf 85' lang='lat' dir='ltr'>omnia</span> 
     </span>
     <span class='ocr_line' id='line_1_5' title="bbox 166 469 1628 524; baseline -0.005 -11"><span class='ocrx_word' id='word_1_23' title='bbox 166 473 366 524; x_wconf 86' lang='lat' dir='ltr'>oriantur,</span> <span class='ocrx_word' id='word_1_24' title='bbox 394 475 622 513; x_wconf 87' lang='lat' dir='ltr'>universam</span> <span class='ocrx_word' id='word_1_25' title='bbox 661 477 781 524; x_wconf 74' lang='lat' dir='ltr'>atque</span> <span class='ocrx_word' id='word_1_26' title='bbox 804 472 1049 511; x_wconf 70' lang='lat' dir='ltr'>continuam.</span> <span class='ocrx_word' id='word_1_27' title='bbox 1108 469 1170 509; x_wconf 84' lang='lat' dir='ltr'>Ex</span> <span class='ocrx_word' id='word_1_28' title='bbox 1198 470 1377 509; x_wconf 90' lang='lat' dir='ltr'><strong>motione</strong></span> <span class='ocrx_word' id='word_1_29' title='bbox 1406 469 1628 521; x_wconf 85' lang='lat' dir='ltr'>gignuntur</span> 
     </span>
     <span class='ocr_line' id='line_1_6' title="bbox 170 539 1625 601; baseline -0.003 -18"><span class='ocrx_word' id='word_1_30' title='bbox 170 545 314 585; x_wconf 85' lang='lat' dir='ltr'><strong>eodem</strong></span> <span class='ocrx_word' id='word_1_31' title='bbox 343 549 524 597; x_wconf 88' lang='lat' dir='ltr'>tempore</span> <span class='ocrx_word' id='word_1_32' title='bbox 549 548 591 583; x_wconf 87' lang='lat' dir='ltr'>et</span> <span class='ocrx_word' id='word_1_33' title='bbox 615 554 759 583; x_wconf 87' lang='lat' dir='ltr'><strong>sensus</strong></span> <span class='ocrx_word' id='word_1_34' title='bbox 778 542 1000 601; x_wconf 49' lang='lat' dir='ltr'><strong>sentientes</strong></span> <span class='ocrx_word' id='word_1_35' title='bbox 1018 545 1057 581; x_wconf 77' lang='lat' dir='ltr'>et</span> <span class='ocrx_word' id='word_1_36' title='bbox 1075 552 1141 581; x_wconf 89' lang='lat' dir='ltr'>res</span> <span class='ocrx_word' id='word_1_37' title='bbox 1160 540 1301 592; x_wconf 89' lang='lat' dir='ltr'><strong>quibus</strong></span> <span class='ocrx_word' id='word_1_38' title='bbox 1319 539 1373 580; x_wconf 87' lang='lat' dir='ltr'><strong>illi</strong></span> <span class='ocrx_word' id='word_1_39' title='bbox 1390 539 1625 580; x_wconf 85' lang='lat' dir='ltr'>afficiuntur.</span> 
     </span>
    </p>
   </div>
   <div class='ocr_carea' id='block_1_3' title="bbox 168 611 1628 740">
    <p class='ocr_par' dir='ltr' id='par_1_4' title="bbox 168 611 1628 740">
     <span class='ocr_line' id='line_1_7' title="bbox 168 611 1625 671; baseline -0.005 -14"><span class='ocrx_word' id='word_1_40' title='bbox 168 616 600 669; x_wconf 78' lang='lat' dir='ltr'><strong>Quodcunque-igitur·</strong></span> <span class='ocrx_word' id='word_1_41' title='bbox 622 615 892 667; x_wconf 73' lang='lat' dir='ltr'><strong>aliquis-esse</strong></span> <span class='ocrx_word' id='word_1_42' title='bbox 912 617 1048 671; x_wconf 72' lang='lat' dir='ltr'>putat,</span> <span class='ocrx_word' id='word_1_43' title='bbox 1090 612 1131 653; x_wconf 91' lang='lat' dir='ltr'><strong>id</strong></span> <span class='ocrx_word' id='word_1_44' title='bbox 1168 613 1206 652; x_wconf 92' lang='lat' dir='ltr'>ei</span> <span class='ocrx_word' id='word_1_45' title='bbox 1238 616 1313 651; x_wconf 90' lang='lat' dir='ltr'><strong>est.</strong></span> <span class='ocrx_word' id='word_1_46' title='bbox 1369 611 1493 652; x_wconf 85' lang='lat' dir='ltr'>Recte</span> <span class='ocrx_word' id='word_1_47' title='bbox 1523 622 1625 664; x_wconf 88' lang='lat' dir='ltr'>ergo</span> 
     </span>
     <span class='ocr_line' id='line_1_8' title="bbox 174 684 1628 740; baseline -0.004 -11"><span class='ocrx_word' id='word_1_48' title='bbox 174 689 422 729; x_wconf 86' lang='lat' dir='ltr'>Hermannus</span> <span class='ocrx_word' id='word_1_49' title='bbox 452 692 591 728; x_wconf 89' lang='lat' dir='ltr'>contra</span> <span class='ocrx_word' id='word_1_50' title='bbox 605 687 976 740; x_wconf 53' lang='lat' dir='ltr'>Herbstiumffpag.</span> <span class='ocrx_word' id='word_1_51' title='bbox 998 686 1112 737; x_wconf 84' lang='lat'><strong>118.)</strong></span> <span class='ocrx_word' id='word_1_52' title='bbox 1141 686 1386 738; x_wconf 75' lang='lat' dir='ltr'>Protagorae</span> <span class='ocrx_word' id='word_1_53' title='bbox 1416 688 1456 723; x_wconf 88' lang='lat' dir='ltr'>et</span> <span class='ocrx_word' id='word_1_54' title='bbox 1474 684 1628 724; x_wconf 86' lang='lat' dir='ltr'><strong>Demo-</strong></span> 
     </span>
    </p>
   </div>
   <div class='ocr_carea' id='block_1_4' title="bbox 92 756 1626 813">
    <p class='ocr_par' dir='ltr' id='par_1_5' title="bbox 92 756 1626 813">
     <span class='ocr_line' id='line_1_9' title="bbox 92 756 1626 813; baseline -0.003 -12"><span class='ocrx_word' id='word_1_55' title='bbox 92 761 99 763; x_wconf 37' lang='lat'><em>*</em></span> <span class='ocrx_word' id='word_1_56' title='bbox 174 763 263 801; x_wconf 90' lang='lat' dir='ltr'>criti</span> <span class='ocrx_word' id='word_1_57' title='bbox 288 759 493 813; x_wconf 75' lang='grc' dir='ltr'><em>α’λήθειαν</em></span> <span class='ocrx_word' id='word_1_58' title='bbox 525 757 629 812; x_wconf 84' lang='grc' dir='ltr'><strong><em>π’ρός</em></strong></span> <span class='ocrx_word' id='word_1_59' title='bbox 656 774 696 799; x_wconf 85' lang='grc' dir='ltr'>τι</span> <span class='ocrx_word' id='word_1_60' title='bbox 726 758 895 800; x_wconf 90' lang='lat' dir='ltr'><strong>eandem</strong></span> <span class='ocrx_word' id='word_1_61' title='bbox 916 770 1010 800; x_wconf 92' lang='lat' dir='ltr'><strong>esse</strong></span> <span class='ocrx_word' id='word_1_62' title='bbox 1028 758 1136 809; x_wconf 88' lang='lat' dir='ltr'><strong>dicit,</strong></span> <span class='ocrx_word' id='word_1_63' title='bbox 1167 758 1256 810; x_wconf 89' lang='lat' dir='ltr'><strong>„die</strong></span> <span class='ocrx_word' id='word_1_64' title='bbox 1287 756 1453 798; x_wconf 85' lang='lat' dir='ltr'><strong>relative</strong></span> <span class='ocrx_word' id='word_1_65' title='bbox 1476 756 1626 797; x_wconf 89' lang='lat' dir='ltr'>Wahr-</span> 
     </span>
    </p>
   </div>
   <div class='ocr_carea' id='block_1_5' title="bbox 147 828 1633 2911">
    <p class='ocr_par' dir='ltr' id='par_1_6' title="bbox 147 828 1633 2911">
     <span class='ocr_line' id='line_1_10' title="bbox 167 828 1623 884; baseline -0.003 -12"><span class='ocrx_word' id='word_1_66' title='bbox 167 832 249 872; x_wconf 87' lang='lat' dir='ltr'><strong>heit</strong></span> <span class='ocrx_word' id='word_1_67' title='bbox 281 832 352 872; x_wconf 91' lang='lat' dir='ltr'>der</span> <span class='ocrx_word' id='word_1_68' title='bbox 382 830 697 884; x_wconf 84' lang='lat' dir='ltr'><strong>Erscheinung.“</strong></span> <span class='ocrx_word' id='word_1_69' title='bbox 752 830 832 872; x_wconf 86' lang='lat' dir='ltr'>Sed</span> <span class='ocrx_word' id='word_1_70' title='bbox 862 830 964 872; x_wconf 86' lang='lat' dir='ltr'>haec</span> <span class='ocrx_word' id='word_1_71' title='bbox 992 829 1205 872; x_wconf 76' lang='lat' dir='ltr'><strong>simil-itudo</strong></span> <span class='ocrx_word' id='word_1_72' title='bbox 1237 829 1482 878; x_wconf 85' lang='lat' dir='ltr'><strong>discrimine,</strong></span> <span class='ocrx_word' id='word_1_73' title='bbox 1513 828 1623 881; x_wconf 90' lang='lat' dir='ltr'>quod</span> 
     </span>
     <span class='ocr_line' id='line_1_11' title="bbox 167 899 1626 958; baseline -0.003 -15"><span class='ocrx_word' id='word_1_74' title='bbox 167 903 272 944; x_wconf 87' lang='lat' dir='ltr'><strong>inter</strong></span> <span class='ocrx_word' id='word_1_75' title='bbox 303 904 507 955; x_wconf 86' lang='lat' dir='ltr'><strong>utriusque</strong></span> <span class='ocrx_word' id='word_1_76' title='bbox 536 900 581 943; x_wconf 84' lang='grc' dir='ltr'>τὸ</span> <span class='ocrx_word' id='word_1_77' title='bbox 613 900 864 958; x_wconf 65' lang='grc' dir='ltr'><strong><em>φαιιςόμενον</em></strong></span> <span class='ocrx_word' id='word_1_78' title='bbox 894 902 1052 956; x_wconf 65' lang='grc' dir='ltr'><strong><em>ἀληθές</em></strong></span> <span class='ocrx_word' id='word_1_79' title='bbox 1079 901 1334 943; x_wconf 84' lang='lat' dir='ltr'><strong>intercedere</strong></span> <span class='ocrx_word' id='word_1_80' title='bbox 1360 901 1448 954; x_wconf 85' lang='lat' dir='ltr'><strong>ipse</strong></span> <span class='ocrx_word' id='word_1_81' title='bbox 1466 899 1626 940; x_wconf 89' lang='lat' dir='ltr'><strong>indica-</strong></span> 
     </span>
     <span class='ocr_line' id='line_1_12' title="bbox 168 972 1625 1028; baseline -0.004 -12"><span class='ocrx_word' id='word_1_82' title='bbox 168 976 239 1026; x_wconf 77' lang='lat' dir='ltr'><strong>vit,</strong></span> <span class='ocrx_word' id='word_1_83' title='bbox 270 975 418 1015; x_wconf 73' lang='lat' dir='ltr'>tollitur</span> <span class='ocrx_word' id='word_1_84' title='bbox 444 974 508 1015; x_wconf 90' lang='lat' dir='ltr'>vel</span> <span class='ocrx_word' id='word_1_85' title='bbox 537 980 816 1028; x_wconf 87' lang='lat' dir='ltr'>compensatur</span> <span class='ocrx_word' id='word_1_86' title='bbox 845 979 955 1015; x_wconf 91' lang='lat' dir='ltr'><strong>certe</strong></span> <span class='ocrx_word' id='word_1_87' title='bbox 985 979 1081 1015; x_wconf 80' lang='lat' dir='ltr'>tota,</span> <span class='ocrx_word' id='word_1_88' title='bbox 1139 974 1382 1026; x_wconf 82' lang='lat' dir='ltr'>Protagoras</span> <span class='ocrx_word' id='word_1_89' title='bbox 1406 972 1510 1011; x_wconf 90' lang='lat' dir='ltr'><strong>enim</strong></span> <span class='ocrx_word' id='word_1_90' title='bbox 1535 983 1625 1011; x_wconf 91' lang='lat' dir='ltr'>cum</span> 
     </span>
     <span class='ocr_line' id='line_1_13' title="bbox 172 1044 1628 1101; baseline -0.003 -14"><span class='ocrx_word' id='word_1_91' title='bbox 172 1051 333 1101; x_wconf 88' lang='lat' dir='ltr'>praeter</span> <span class='ocrx_word' id='word_1_92' title='bbox 365 1059 413 1088; x_wconf 83' lang='lat' dir='ltr'>ea</span> <span class='ocrx_word' id='word_1_93' title='bbox 444 1059 545 1101; x_wconf 91' lang='lat' dir='ltr'>quae</span> <span class='ocrx_word' id='word_1_94' title='bbox 576 1046 760 1089; x_wconf 84' lang='lat' dir='ltr'><strong>sensibus</strong></span> <span class='ocrx_word' id='word_1_95' title='bbox 800 1051 1039 1100; x_wconf 83' lang='lat' dir='ltr'>apparerent</span> <span class='ocrx_word' id='word_1_96' title='bbox 1067 1045 1165 1087; x_wconf 88' lang='lat' dir='ltr'><strong>nihii</strong></span> <span class='ocrx_word' id='word_1_97' title='bbox 1191 1056 1286 1086; x_wconf 90' lang='lat' dir='ltr'><strong>esse</strong></span> <span class='ocrx_word' id='word_1_98' title='bbox 1322 1044 1475 1085; x_wconf 85' lang='lat' dir='ltr'><strong>diceret</strong></span> <span class='ocrx_word' id='word_1_99' title='bbox 1514 1051 1628 1094; x_wconf 83' lang='lat' dir='ltr'>(nam</span> 
     </span>
     <span class='ocr_line' id='line_1_14' title="bbox 168 1117 1628 1171; baseline -0.003 -12"><span class='ocrx_word' id='word_1_100' title='bbox 168 1121 383 1160; x_wconf 90' lang='lat' dir='ltr'><strong>motionem</strong></span> <span class='ocrx_word' id='word_1_101' title='bbox 413 1132 518 1160; x_wconf 90' lang='lat' dir='ltr'><strong>nunc</strong></span> <span class='ocrx_word' id='word_1_102' title='bbox 554 1125 721 1170; x_wconf 83' lang='lat' dir='ltr'>taceo),</span> <span class='ocrx_word' id='word_1_103' title='bbox 749 1120 893 1171; x_wconf 86' lang='lat' dir='ltr'>nullam</span> <span class='ocrx_word' id='word_1_104' title='bbox 923 1124 1100 1160; x_wconf 83' lang='lat' dir='ltr'>statuere</span> <span class='ocrx_word' id='word_1_105' title='bbox 1126 1118 1253 1170; x_wconf 87' lang='lat' dir='ltr'>potuit</span> <span class='ocrx_word' id='word_1_106' title='bbox 1283 1117 1519 1167; x_wconf 89' lang='lat' dir='ltr'>veritatem,</span> <span class='ocrx_word' id='word_1_107' title='bbox 1548 1117 1628 1157; x_wconf 89' lang='lat' dir='ltr'><strong>nisi</strong></span> 
     </span>
     <span class='ocr_line' id='line_1_15' title="bbox 174 1191 1628 1246; baseline -0.002 -13"><span class='ocrx_word' id='word_1_108' title='bbox 174 1204 276 1246; x_wconf 86' lang='lat' dir='ltr'>quae</span> <span class='ocrx_word' id='word_1_109' title='bbox 305 1203 377 1245; x_wconf 89' lang='lat' dir='ltr'>per</span> <span class='ocrx_word' id='word_1_110' title='bbox 410 1203 599 1233; x_wconf 89' lang='lat' dir='ltr'><strong>sensuum</strong></span> <span class='ocrx_word' id='word_1_111' title='bbox 639 1191 875 1233; x_wconf 85' lang='lat' dir='ltr'><strong>affectiones</strong></span> <span class='ocrx_word' id='word_1_112' title='bbox 917 1194 1150 1243; x_wconf 85' lang='lat' dir='ltr'>pararetur:</span> <span class='ocrx_word' id='word_1_113' title='bbox 1196 1200 1299 1243; x_wconf 89' lang='lat' dir='ltr'>quae</span> <span class='ocrx_word' id='word_1_114' title='bbox 1343 1200 1431 1229; x_wconf 91' lang='lat' dir='ltr'>cum</span> <span class='ocrx_word' id='word_1_115' title='bbox 1469 1200 1628 1242; x_wconf 84' lang='lat' dir='ltr'>semper</span> 
     </span>
     <span class='ocr_line' id='line_1_16' title="bbox 170 1262 1627 1315; baseline -0.002 -11"><span class='ocrx_word' id='word_1_116' title='bbox 170 1265 431 1315; x_wconf 87' lang='lat' dir='ltr'>variarentur,</span> <span class='ocrx_word' id='word_1_117' title='bbox 461 1265 670 1307; x_wconf 86' lang='lat' dir='ltr'><strong>uteadem</strong></span> <span class='ocrx_word' id='word_1_118' title='bbox 692 1276 759 1304; x_wconf 90' lang='lat' dir='ltr'>res</span> <span class='ocrx_word' id='word_1_119' title='bbox 780 1264 847 1304; x_wconf 91' lang='lat' dir='ltr'>alii</span> <span class='ocrx_word' id='word_1_120' title='bbox 876 1263 953 1303; x_wconf 78' lang='lat' dir='ltr'>alia</span> <span class='ocrx_word' id='word_1_121' title='bbox 983 1267 1023 1302; x_wconf 90' lang='lat' dir='ltr'>et</span> <span class='ocrx_word' id='word_1_122' title='bbox 1038 1273 1129 1302; x_wconf 89' lang='lat' dir='ltr'><strong>esse</strong></span> <span class='ocrx_word' id='word_1_123' title='bbox 1147 1262 1350 1302; x_wconf 88' lang='lat' dir='ltr'><strong>videretur</strong></span> <span class='ocrx_word' id='word_1_124' title='bbox 1365 1267 1405 1302; x_wconf 91' lang='lat' dir='ltr'>et</span> <span class='ocrx_word' id='word_1_125' title='bbox 1420 1266 1542 1311; x_wconf 90' lang='lat' dir='ltr'><strong>esset,</strong></span> <span class='ocrx_word' id='word_1_126' title='bbox 1574 1274 1627 1302; x_wconf 88' lang='lat' dir='ltr'>ex</span> 
     </span>
     <span class='ocr_line' id='line_1_17' title="bbox 168 1329 1627 1389; baseline -0.001 -13"><span class='ocrx_word' id='word_1_127' title='bbox 168 1337 414 1389; x_wconf 86' lang='lat' dir='ltr'>Protagorae</span> <span class='ocrx_word' id='word_1_128' title='bbox 454 1336 612 1375; x_wconf 89' lang='lat' dir='ltr'>ratione</span> <span class='ocrx_word' id='word_1_129' title='bbox 652 1334 711 1387; x_wconf 73' lang='grc' dir='ltr'>μὴ</span> <span class='ocrx_word' id='word_1_130' title='bbox 742 1337 903 1385; x_wconf 79' lang='grc' dir='ltr'><em>μᾶλλον</em></span> <span class='ocrx_word' id='word_1_131' title='bbox 931 1329 1040 1375; x_wconf 79' lang='grc' dir='ltr'><em>εἶναι</em></span> <span class='ocrx_word' id='word_1_132' title='bbox 1069 1338 1181 1373; x_wconf 79' lang='grc' dir='ltr'><em>τοῖον</em></span> <span class='ocrx_word' id='word_1_133' title='bbox 1211 1329 1238 1386; x_wconf 76' lang='grc' dir='ltr'><em>ἢ</em></span> <span class='ocrx_word' id='word_1_134' title='bbox 1264 1338 1376 1374; x_wconf 81' lang='grc' dir='ltr'><em>τοῖον</em></span> <span class='ocrx_word' id='word_1_135' title='bbox 1406 1338 1518 1373; x_wconf 89' lang='lat' dir='ltr'><strong>recte</strong></span> <span class='ocrx_word' id='word_1_136' title='bbox 1548 1334 1627 1374; x_wconf 91' lang='lat' dir='ltr'>iam</span> 
     </span>
     <span class='ocr_line' id='line_1_18' title="bbox 171 1404 1628 1458; baseline -0.001 -10"><span class='ocrx_word' id='word_1_137' title='bbox 171 1421 195 1449; x_wconf 93' lang='lat' dir='ltr'>a</span> <span class='ocrx_word' id='word_1_138' title='bbox 223 1408 432 1448; x_wconf 87' lang='lat' dir='ltr'><strong>veteribus</strong></span> <span class='ocrx_word' id='word_1_139' title='bbox 458 1407 716 1448; x_wconf 88' lang='lat' dir='ltr'>observatum</span> <span class='ocrx_word' id='word_1_140' title='bbox 746 1409 820 1447; x_wconf 85' lang='lat' dir='ltr'><strong>est.</strong></span> <span class='ocrx_word' id='word_1_141' title='bbox 878 1404 1029 1458; x_wconf 80' lang='grc' dir='ltr'><strong><em>Ἀλλά,</em></strong></span> <span class='ocrx_word' id='word_1_142' title='bbox 1070 1410 1113 1447; x_wconf 86' lang='lat' dir='ltr'>ut</span> <span class='ocrx_word' id='word_1_143' title='bbox 1140 1405 1336 1446; x_wconf 88' lang='lat' dir='ltr'>Plutarchi</span> <span class='ocrx_word' id='word_1_144' title='bbox 1367 1406 1502 1446; x_wconf 88' lang='lat' dir='ltr'><strong>verbis</strong></span> <span class='ocrx_word' id='word_1_145' title='bbox 1539 1411 1628 1447; x_wconf 88' lang='lat' dir='ltr'>utar</span> 
     </span>
     <span class='ocr_line' id='line_1_19' title="bbox 167 1475 1629 1533; baseline -0.001 -13"><span class='ocrx_word' id='word_1_146' title='bbox 167 1491 261 1533; x_wconf 87' lang='lat' dir='ltr'>pag.</span> <span class='ocrx_word' id='word_1_147' title='bbox 294 1479 358 1520; x_wconf 81' lang='lat'>90.</span> <span class='ocrx_word' id='word_1_148' title='bbox 391 1479 544 1530; x_wconf 85' lang='lat' dir='ltr'>citatis,</span> <span class='ocrx_word' id='word_1_149' title='bbox 575 1475 770 1519; x_wconf 81' lang='grc' dir='ltr'><em>τοσοῦτόν</em></span> <span class='ocrx_word' id='word_1_150' title='bbox 798 1493 842 1531; x_wconf 79' lang='grc' dir='ltr'>γε</span> <span class='ocrx_word' id='word_1_151' title='bbox 871 1476 1138 1531; x_wconf 83' lang='grc' dir='ltr'><strong><em>Δημόκριτος</em></strong></span> <span class='ocrx_word' id='word_1_152' title='bbox 1170 1478 1323 1518; x_wconf 59' lang='lat' dir='ltr'><strong>&amp;nodet</strong></span> <span class='ocrx_word' id='word_1_153' title='bbox 1342 1478 1420 1519; x_wconf 80' lang='grc' dir='ltr'>τοῦ</span> <span class='ocrx_word' id='word_1_154' title='bbox 1446 1478 1629 1529; x_wconf 77' lang='grc' dir='ltr'><strong><em>νομίζειν</em></strong></span> 
     </span>
     <span class='ocr_line' id='line_1_20' title="bbox 168 1535 1631 1606; baseline -0.001 -16"><span class='ocrx_word' id='word_1_155' title='bbox 168 1548 224 1604; x_wconf 68' lang='grc' dir='ltr'>μή</span> <span class='ocrx_word' id='word_1_156' title='bbox 256 1551 414 1602; x_wconf 75' lang='grc' dir='ltr'><em>μᾶλλον</em></span> <span class='ocrx_word' id='word_1_157' title='bbox 441 1546 549 1591; x_wconf 81' lang='grc' dir='ltr'><em>εἶναι</em></span> <span class='ocrx_word' id='word_1_158' title='bbox 575 1554 686 1590; x_wconf 83' lang='grc' dir='ltr'><em>τοῖον</em></span> <span class='ocrx_word' id='word_1_159' title='bbox 709 1544 741 1602; x_wconf 71' lang='grc' dir='ltr'><em>ἢ</em></span> <span class='ocrx_word' id='word_1_160' title='bbox 767 1553 888 1600; x_wconf 78' lang='grc' dir='ltr'><strong><em>τοῖον,</em></strong></span> <span class='ocrx_word' id='word_1_161' title='bbox 918 1535 1027 1589; x_wconf 85' lang='grc' dir='ltr'><em>ω’στε</em></span> <span class='ocrx_word' id='word_1_162' title='bbox 1056 1547 1328 1606; x_wconf 78' lang='grc' dir='ltr'><em>Πρωταγόρα</em></span> <span class='ocrx_word' id='word_1_163' title='bbox 1353 1550 1411 1606; x_wconf 72' lang='grc' dir='ltr'>τῷ</span> <span class='ocrx_word' id='word_1_164' title='bbox 1444 1551 1631 1605; x_wconf 81' lang='grc' dir='ltr'><em>σοφιστῇ</em></span> 
     </span>
     <span class='ocr_line' id='line_1_21' title="bbox 170 1619 1628 1677; baseline -0.001 -13"><span class='ocrx_word' id='word_1_165' title='bbox 170 1624 292 1664; x_wconf 81' lang='grc' dir='ltr'><strong>τοῦτο</strong></span> <span class='ocrx_word' id='word_1_166' title='bbox 322 1620 481 1664; x_wconf 80' lang='grc' dir='ltr'>εἰπόντι</span> <span class='ocrx_word' id='word_1_167' title='bbox 507 1623 788 1675; x_wconf 79' lang='grc' dir='ltr'><em>μεμαχῆσθαι</em></span> <span class='ocrx_word' id='word_1_168' title='bbox 823 1636 893 1662; x_wconf 84' lang='grc' dir='ltr'>και</span> <span class='ocrx_word' id='word_1_169' title='bbox 921 1622 1176 1677; x_wconf 75' lang='grc' dir='ltr'><em>γεγραφέναι</em></span> <span class='ocrx_word' id='word_1_170' title='bbox 1203 1619 1336 1663; x_wconf 74' lang='grc' dir='ltr'><em>πολλὰ</em></span> <span class='ocrx_word' id='word_1_171' title='bbox 1367 1638 1435 1663; x_wconf 79' lang='grc' dir='ltr'>και</span> <span class='ocrx_word' id='word_1_172' title='bbox 1466 1619 1628 1662; x_wconf 73' lang='grc' dir='ltr'><em>πιθανὰ</em></span> 
     </span>
     <span class='ocr_line' id='line_1_22' title="bbox 178 1686 1629 1746; baseline 0.001 -14"><span class='ocrx_word' id='word_1_173' title='bbox 178 1690 287 1745; x_wconf 71' lang='grc' dir='ltr'>πρὸς</span> <span class='ocrx_word' id='word_1_174' title='bbox 332 1690 469 1733; x_wconf 73' lang='grc' dir='ltr'><em>αὐτόν.</em></span> <span class='ocrx_word' id='word_1_175' title='bbox 530 1693 644 1733; x_wconf 87' lang='lat' dir='ltr'>Conf.</span> <span class='ocrx_word' id='word_1_176' title='bbox 672 1694 778 1734; x_wconf 87' lang='lat' dir='ltr'>Sext.</span> <span class='ocrx_word' id='word_1_177' title='bbox 808 1694 953 1745; x_wconf 89' lang='lat' dir='ltr'>Empir.</span> <span class='ocrx_word' id='word_1_178' title='bbox 982 1686 1061 1733; x_wconf 89' lang='lat' dir='ltr'>loc.</span> <span class='ocrx_word' id='word_1_179' title='bbox 1102 1693 1251 1733; x_wconf 86' lang='lat' dir='ltr'><strong>ibidem</strong></span> <span class='ocrx_word' id='word_1_180' title='bbox 1290 1694 1410 1734; x_wconf 86' lang='lat' dir='ltr'><strong>indic.</strong></span> <span class='ocrx_word' id='word_1_181' title='bbox 1443 1699 1484 1734; x_wconf 84' lang='lat' dir='ltr'>et</span> <span class='ocrx_word' id='word_1_182' title='bbox 1510 1696 1629 1746; x_wconf 91' lang='lat' dir='ltr'>Diog.</span> 
     </span>
     <span class='ocr_line' id='line_1_23' title="bbox 177 1763 1631 1819; baseline -0.001 -10"><span class='ocrx_word' id='word_1_183' title='bbox 177 1765 309 1809; x_wconf 88' lang='lat' dir='ltr'>Laert.</span> <span class='ocrx_word' id='word_1_184' title='bbox 339 1764 407 1807; x_wconf 90' lang='lat' dir='ltr'><strong>lib.</strong></span> <span class='ocrx_word' id='word_1_185' title='bbox 436 1764 502 1807; x_wconf 92' lang='lat' dir='ltr'>lX.</span> <span class='ocrx_word' id='word_1_186' title='bbox 534 1770 574 1815; x_wconf 85' lang='lat'>§.</span> <span class='ocrx_word' id='word_1_187' title='bbox 604 1763 671 1807; x_wconf 77' lang='lat'>49.</span> <span class='ocrx_word' id='word_1_188' title='bbox 729 1764 843 1807; x_wconf 91' lang='lat' dir='ltr'><strong>Unde</strong></span> <span class='ocrx_word' id='word_1_189' title='bbox 887 1778 1003 1819; x_wconf 91' lang='lat' dir='ltr'><strong>quum</strong></span> <span class='ocrx_word' id='word_1_190' title='bbox 1046 1770 1204 1807; x_wconf 86' lang='lat' dir='ltr'><strong>constet</strong></span> <span class='ocrx_word' id='word_1_191' title='bbox 1243 1766 1511 1808; x_wconf 88' lang='lat' dir='ltr'>Democritum</span> <span class='ocrx_word' id='word_1_192' title='bbox 1553 1766 1631 1808; x_wconf 89' lang='lat' dir='ltr'>hac</span> 
     </span>
     <span class='ocr_line' id='line_1_24' title="bbox 175 1837 1630 1890; baseline 0.001 -12"><span class='ocrx_word' id='word_1_193' title='bbox 175 1839 261 1890; x_wconf 90' lang='lat' dir='ltr'>ipsa</span> <span class='ocrx_word' id='word_1_194' title='bbox 293 1837 343 1877; x_wconf 91' lang='lat' dir='ltr'>de</span> <span class='ocrx_word' id='word_1_195' title='bbox 383 1850 428 1877; x_wconf 88' lang='lat' dir='ltr'>re</span> <span class='ocrx_word' id='word_1_196' title='bbox 461 1850 483 1877; x_wconf 93' lang='lat' dir='ltr'>a</span> <span class='ocrx_word' id='word_1_197' title='bbox 511 1838 729 1889; x_wconf 89' lang='lat' dir='ltr'>Protagora</span> <span class='ocrx_word' id='word_1_198' title='bbox 772 1838 1039 1888; x_wconf 88' lang='lat' dir='ltr'><strong>dissensisse,</strong></span> <span class='ocrx_word' id='word_1_199' title='bbox 1079 1843 1257 1879; x_wconf 88' lang='lat' dir='ltr'>nostrum</span> <span class='ocrx_word' id='word_1_200' title='bbox 1300 1843 1362 1879; x_wconf 88' lang='lat' dir='ltr'>est</span> <span class='ocrx_word' id='word_1_201' title='bbox 1397 1839 1490 1890; x_wconf 89' lang='lat' dir='ltr'><strong>quid</strong></span> <span class='ocrx_word' id='word_1_202' title='bbox 1535 1839 1630 1879; x_wconf 89' lang='lat' dir='ltr'><strong>illud</strong></span> 
     </span>
     <span class='ocr_line' id='line_1_25' title="bbox 171 1909 1629 1964; baseline 0 -13"><span class='ocrx_word' id='word_1_203' title='bbox 171 1911 290 1951; x_wconf 86' lang='lat' dir='ltr'><strong>fuerit</strong></span> <span class='ocrx_word' id='word_1_204' title='bbox 319 1910 559 1951; x_wconf 86' lang='lat' dir='ltr'><strong>discriminis</strong></span> <span class='ocrx_word' id='word_1_205' title='bbox 589 1909 803 1963; x_wconf 86' lang='lat' dir='ltr'>explicare.</span> <span class='ocrx_word' id='word_1_206' title='bbox 860 1910 931 1951; x_wconf 85' lang='lat' dir='ltr'><strong>Est</strong></span> <span class='ocrx_word' id='word_1_207' title='bbox 969 1921 1068 1951; x_wconf 86' lang='lat' dir='ltr'>vero</span> <span class='ocrx_word' id='word_1_208' title='bbox 1094 1910 1200 1951; x_wconf 89' lang='lat' dir='ltr'><strong>idem</strong></span> <span class='ocrx_word' id='word_1_209' title='bbox 1229 1910 1347 1962; x_wconf 82' lang='lat' dir='ltr'><strong>iilud,</strong></span> <span class='ocrx_word' id='word_1_210' title='bbox 1387 1910 1492 1964; x_wconf 90' lang='lat' dir='ltr'>quod</span> <span class='ocrx_word' id='word_1_211' title='bbox 1521 1910 1629 1951; x_wconf 83' lang='lat' dir='ltr'><strong>Her-</strong></span> 
     </span>
     <span class='ocr_line' id='line_1_26' title="bbox 171 1980 1629 2035; baseline -0.003 -13"><span class='ocrx_word' id='word_1_212' title='bbox 171 1992 340 2022; x_wconf 88' lang='lat' dir='ltr'>mannus</span> <span class='ocrx_word' id='word_1_213' title='bbox 370 1981 505 2021; x_wconf 89' lang='lat' dir='ltr'><strong>verbis</strong></span> <span class='ocrx_word' id='word_1_214' title='bbox 545 1980 737 2021; x_wconf 85' lang='lat' dir='ltr'><strong>indicavit</strong></span> <span class='ocrx_word' id='word_1_215' title='bbox 766 1992 884 2033; x_wconf 90' lang='lat' dir='ltr'>supra</span> <span class='ocrx_word' id='word_1_216' title='bbox 914 1981 1113 2022; x_wconf 78' lang='lat' dir='ltr'><strong>exhibitis,</strong></span> <span class='ocrx_word' id='word_1_217' title='bbox 1172 1981 1397 2023; x_wconf 90' lang='lat' dir='ltr'><strong>Secundum</strong></span> <span class='ocrx_word' id='word_1_218' title='bbox 1428 1982 1629 2035; x_wconf 76' lang='lat' dir='ltr'>Protago-</span> 
     </span>
     <span class='ocr_line' id='line_1_27' title="bbox 171 2053 1629 2108; baseline 0 -12"><span class='ocrx_word' id='word_1_219' title='bbox 171 2067 259 2096; x_wconf 87' lang='lat' dir='ltr'>ram</span> <span class='ocrx_word' id='word_1_220' title='bbox 289 2055 393 2095; x_wconf 92' lang='lat' dir='ltr'><strong>enim</strong></span> <span class='ocrx_word' id='word_1_221' title='bbox 423 2066 510 2096; x_wconf 92' lang='lat' dir='ltr'>cum</span> <span class='ocrx_word' id='word_1_222' title='bbox 540 2053 636 2095; x_wconf 87' lang='lat' dir='ltr'><strong>nihii</strong></span> <span class='ocrx_word' id='word_1_223' title='bbox 663 2055 714 2095; x_wconf 86' lang='lat' dir='ltr'>sit</span> <span class='ocrx_word' id='word_1_224' title='bbox 742 2053 819 2095; x_wconf 92' lang='lat' dir='ltr'><strong>nisi</strong></span> <span class='ocrx_word' id='word_1_225' title='bbox 848 2066 951 2108; x_wconf 86' lang='lat' dir='ltr'>quae</span> <span class='ocrx_word' id='word_1_226' title='bbox 979 2054 1021 2095; x_wconf 91' lang='lat' dir='ltr'><strong>in</strong></span> <span class='ocrx_word' id='word_1_227' title='bbox 1052 2065 1195 2096; x_wconf 89' lang='lat' dir='ltr'><strong>sensus</strong></span> <span class='ocrx_word' id='word_1_228' title='bbox 1225 2053 1399 2106; x_wconf 88' lang='lat' dir='ltr'>cadant,</span> <span class='ocrx_word' id='word_1_229' title='bbox 1438 2066 1629 2096; x_wconf 89' lang='lat' dir='ltr'><strong>sensuum</strong></span> 
     </span>
     <span class='ocr_line' id='line_1_28' title="bbox 174 2126 1631 2180; baseline 0.001 -13"><span class='ocrx_word' id='word_1_230' title='bbox 174 2127 237 2167; x_wconf 66' lang='lat' dir='ltr'><strong>in,</strong></span> <span class='ocrx_word' id='word_1_231' title='bbox 260 2126 442 2168; x_wconf 89' lang='lat' dir='ltr'><strong>omnibus</strong></span> <span class='ocrx_word' id='word_1_232' title='bbox 485 2138 747 2180; x_wconf 87' lang='lat' dir='ltr'><strong>quaecunque</strong></span> <span class='ocrx_word' id='word_1_233' title='bbox 770 2131 884 2167; x_wconf 85' lang='lat' dir='ltr'><strong>-sunt</strong></span> <span class='ocrx_word' id='word_1_234' title='bbox 925 2127 1044 2167; x_wconf 90' lang='lat' dir='ltr'>unica</span> <span class='ocrx_word' id='word_1_235' title='bbox 1086 2126 1185 2168; x_wconf 90' lang='lat' dir='ltr'><strong>fides</strong></span> <span class='ocrx_word' id='word_1_236' title='bbox 1230 2131 1305 2168; x_wconf 87' lang='lat' dir='ltr'><strong>est.</strong></span> <span class='ocrx_word' id='word_1_237' title='bbox 1376 2127 1631 2169; x_wconf 88' lang='lat' dir='ltr'>Democritus</span> 
     </span>
     <span class='ocr_line' id='line_1_29' title="bbox 174 2196 1632 2255; baseline 0.001 -14"><span class='ocrx_word' id='word_1_238' title='bbox 174 2212 273 2250; x_wconf 86' lang='lat' dir='ltr'>vero</span> <span class='ocrx_word' id='word_1_239' title='bbox 306 2213 394 2241; x_wconf 90' lang='lat' dir='ltr'>cum</span> <span class='ocrx_word' id='word_1_240' title='bbox 422 2201 541 2241; x_wconf 91' lang='lat' dir='ltr'><strong>rebus</strong></span> <span class='ocrx_word' id='word_1_241' title='bbox 569 2196 824 2241; x_wconf 79' lang='lat' dir='ltr'><strong>sensibilibus</strong></span> <span class='ocrx_word' id='word_1_242' title='bbox 854 2206 1074 2242; x_wconf 91' lang='lat' dir='ltr'>atomorum</span> <span class='ocrx_word' id='word_1_243' title='bbox 1104 2206 1299 2254; x_wconf 86' lang='lat' dir='ltr'>supponat</span> <span class='ocrx_word' id='word_1_244' title='bbox 1326 2205 1366 2242; x_wconf 84' lang='lat' dir='ltr'>et</span> <span class='ocrx_word' id='word_1_245' title='bbox 1394 2203 1511 2255; x_wconf 89' lang='lat' dir='ltr'>spatii</span> <span class='ocrx_word' id='word_1_246' title='bbox 1538 2204 1632 2243; x_wconf 92' lang='lat' dir='ltr'>ina-</span> 
     </span>
     <span class='ocr_line' id='line_1_30' title="bbox 171 2273 1632 2329; baseline 0.003 -16"><span class='ocrx_word' id='word_1_247' title='bbox 171 2273 236 2314; x_wconf 92' lang='lat' dir='ltr'>nis</span> <span class='ocrx_word' id='word_1_248' title='bbox 263 2284 399 2329; x_wconf 87' lang='lat' dir='ltr'>veram</span> <span class='ocrx_word' id='word_1_249' title='bbox 429 2273 659 2325; x_wconf 85' lang='lat' dir='ltr'>essentiam,</span> <span class='ocrx_word' id='word_1_250' title='bbox 685 2283 787 2326; x_wconf 89' lang='lat' dir='ltr'>quae</span> <span class='ocrx_word' id='word_1_251' title='bbox 816 2284 900 2314; x_wconf 90' lang='lat' dir='ltr'>non</span> <span class='ocrx_word' id='word_1_252' title='bbox 928 2274 1112 2314; x_wconf 90' lang='lat' dir='ltr'><strong>sensibus</strong></span> <span class='ocrx_word' id='word_1_253' title='bbox 1141 2274 1412 2327; x_wconf 88' lang='lat' dir='ltr'>percipiatur,</span> <span class='ocrx_word' id='word_1_254' title='bbox 1443 2276 1632 2317; x_wconf 89' lang='lat' dir='ltr'><strong>sensibus</strong></span> 
     </span>
     <span class='ocr_line' id='line_1_31' title="bbox 168 2345 1628 2400; baseline 0.003 -14"><span class='ocrx_word' id='word_1_255' title='bbox 168 2347 210 2386; x_wconf 90' lang='lat' dir='ltr'><strong>in</strong></span> <span class='ocrx_word' id='word_1_256' title='bbox 240 2348 327 2399; x_wconf 87' lang='lat' dir='ltr'>ipsa</span> <span class='ocrx_word' id='word_1_257' title='bbox 372 2345 657 2400; x_wconf 88' lang='lat' dir='ltr'>cognoscenda</span> <span class='ocrx_word' id='word_1_258' title='bbox 704 2350 812 2386; x_wconf 89' lang='lat' dir='ltr'>certa</span> <span class='ocrx_word' id='word_1_259' title='bbox 843 2347 1014 2388; x_wconf 87' lang='lat' dir='ltr'>veritate</span> <span class='ocrx_word' id='word_1_260' title='bbox 1041 2347 1188 2400; x_wconf 88' lang='lat' dir='ltr'>exigua</span> <span class='ocrx_word' id='word_1_261' title='bbox 1229 2351 1380 2388; x_wconf 89' lang='lat' dir='ltr'>tantum</span> <span class='ocrx_word' id='word_1_262' title='bbox 1422 2352 1484 2389; x_wconf 88' lang='lat' dir='ltr'>est</span> <span class='ocrx_word' id='word_1_263' title='bbox 1514 2348 1628 2390; x_wconf 87' lang='lat' dir='ltr'><strong>fides.</strong></span> 
     </span>
     <span class='ocr_line' id='line_1_32' title="bbox 147 2406 1632 2473; baseline 0.002 -15"><span class='ocrx_word' id='word_1_264' title='bbox 147 2406 389 2459; x_wconf 64' lang='lat' dir='ltr'><strong>&#39;Democriti</strong></span> <span class='ocrx_word' id='word_1_265' title='bbox 432 2419 554 2473; x_wconf 80' lang='lat' dir='ltr'>igitur</span> <span class='ocrx_word' id='word_1_266' title='bbox 597 2417 727 2472; x_wconf 74' lang='grc' dir='ltr'><em>μηδὲν</em></span> <span class='ocrx_word' id='word_1_267' title='bbox 774 2418 934 2469; x_wconf 79' lang='grc' dir='ltr'><em>μᾶλλον</em></span> <span class='ocrx_word' id='word_1_268' title='bbox 979 2419 1169 2460; x_wconf 79' lang='grc' dir='ltr'><em>τοιοῦτον</em></span> <span class='ocrx_word' id='word_1_269' title='bbox 1213 2413 1241 2472; x_wconf 71' lang='grc' dir='ltr'><em>ἢ</em></span> <span class='ocrx_word' id='word_1_270' title='bbox 1284 2421 1472 2461; x_wconf 79' lang='grc' dir='ltr'>τοιοῦτον</span> <span class='ocrx_word' id='word_1_271' title='bbox 1520 2415 1632 2461; x_wconf 75' lang='grc' dir='ltr'><em>εἶναι</em></span> 
     </span>
     <span class='ocr_line' id='line_1_33' title="bbox 173 2489 1632 2545; baseline 0.003 -15"><span class='ocrx_word' id='word_1_272' title='bbox 173 2490 419 2543; x_wconf 80' lang='lat' dir='ltr'><strong>(Simplicius</strong></span> <span class='ocrx_word' id='word_1_273' title='bbox 442 2492 482 2532; x_wconf 92' lang='lat' dir='ltr'><strong>in</strong></span> <span class='ocrx_word' id='word_1_274' title='bbox 501 2490 767 2545; x_wconf 20' lang='lat' dir='ltr'>Physicassfot.</span> <span class='ocrx_word' id='word_1_275' title='bbox 798 2489 873 2541; x_wconf 89' lang='lat'>7.),</span> <span class='ocrx_word' id='word_1_276' title='bbox 902 2503 1019 2544; x_wconf 91' lang='lat' dir='ltr'><strong>quum</strong></span> <span class='ocrx_word' id='word_1_277' title='bbox 1047 2503 1144 2532; x_wconf 89' lang='lat' dir='ltr'>vera</span> <span class='ocrx_word' id='word_1_278' title='bbox 1178 2494 1356 2534; x_wconf 90' lang='lat' dir='ltr'><strong>essentia</strong></span> <span class='ocrx_word' id='word_1_279' title='bbox 1386 2505 1468 2534; x_wconf 92' lang='lat' dir='ltr'>non</span> <span class='ocrx_word' id='word_1_280' title='bbox 1492 2494 1533 2534; x_wconf 92' lang='lat' dir='ltr'><strong>in</strong></span> <span class='ocrx_word' id='word_1_281' title='bbox 1567 2505 1632 2533; x_wconf 90' lang='lat' dir='ltr'>re-</span> 
     </span>
     <span class='ocr_line' id='line_1_34' title="bbox 170 2559 1631 2619; baseline 0.002 -15"><span class='ocrx_word' id='word_1_282' title='bbox 170 2561 246 2604; x_wconf 92' lang='lat' dir='ltr'>bus</span> <span class='ocrx_word' id='word_1_283' title='bbox 263 2562 534 2616; x_wconf 84' lang='lat' dir='ltr'><strong>sensibilibuS,</strong></span> <span class='ocrx_word' id='word_1_284' title='bbox 566 2564 616 2605; x_wconf 91' lang='lat' dir='ltr'>ad</span> <span class='ocrx_word' id='word_1_285' title='bbox 641 2565 739 2618; x_wconf 78' lang='lat' dir='ltr'>quas</span> <span class='ocrx_word' id='word_1_286' title='bbox 767 2562 891 2604; x_wconf 89' lang='lat' dir='ltr'>verba</span> <span class='ocrx_word' id='word_1_287' title='bbox 922 2563 986 2604; x_wconf 89' lang='lat' dir='ltr'>illa</span> <span class='ocrx_word' id='word_1_288' title='bbox 1017 2559 1233 2618; x_wconf 89' lang='lat' dir='ltr'>pertinent,</span> <span class='ocrx_word' id='word_1_289' title='bbox 1262 2567 1391 2619; x_wconf 90' lang='lat' dir='ltr'>posita</span> <span class='ocrx_word' id='word_1_290' title='bbox 1410 2567 1474 2617; x_wconf 88' lang='lat' dir='ltr'><strong>sit,</strong></span> <span class='ocrx_word' id='word_1_291' title='bbox 1504 2566 1631 2607; x_wconf 90' lang='lat' dir='ltr'><strong>minus</strong></span> 
     </span>
     <span class='ocr_line' id='line_1_35' title="bbox 170 2636 1631 2693; baseline 0.001 -17"><span class='ocrx_word' id='word_1_292' title='bbox 170 2636 262 2677; x_wconf 71' lang='lat' dir='ltr'>late·</span> <span class='ocrx_word' id='word_1_293' title='bbox 283 2640 419 2690; x_wconf 88' lang='lat' dir='ltr'>patet,</span> <span class='ocrx_word' id='word_1_294' title='bbox 462 2638 553 2690; x_wconf 88' lang='lat' dir='ltr'>quia</span> <span class='ocrx_word' id='word_1_295' title='bbox 594 2639 636 2679; x_wconf 89' lang='lat' dir='ltr'><strong>in</strong></span> <span class='ocrx_word' id='word_1_296' title='bbox 677 2639 800 2693; x_wconf 78' lang='lat' dir='ltr'>ipsam</span> <span class='ocrx_word' id='word_1_297' title='bbox 830 2637 1046 2677; x_wconf 79' lang='lat' dir='ltr'><strong>essentiam</strong></span> <span class='ocrx_word' id='word_1_298' title='bbox 1089 2650 1171 2679; x_wconf 89' lang='lat' dir='ltr'>non</span> <span class='ocrx_word' id='word_1_299' title='bbox 1210 2639 1330 2680; x_wconf 84' lang='lat' dir='ltr'>valet.</span> <span class='ocrx_word' id='word_1_300' title='bbox 1387 2639 1631 2691; x_wconf 90' lang='lat' dir='ltr'>Protagorae</span> 
     </span>
     <span class='ocr_line' id='line_1_36' title="bbox 174 2703 1629 2764; baseline -0.001 -14"><span class='ocrx_word' id='word_1_301' title='bbox 174 2721 274 2751; x_wconf 89' lang='lat' dir='ltr'>vero</span> <span class='ocrx_word' id='word_1_302' title='bbox 306 2707 364 2764; x_wconf 80' lang='grc' dir='ltr'>μὴ</span> <span class='ocrx_word' id='word_1_303' title='bbox 406 2710 566 2762; x_wconf 80' lang='grc' dir='ltr'><em>μᾶλλον</em></span> <span class='ocrx_word' id='word_1_304' title='bbox 602 2705 709 2754; x_wconf 74' lang='grc' dir='ltr'><em>εἶναι</em></span> <span class='ocrx_word' id='word_1_305' title='bbox 748 2714 856 2750; x_wconf 85' lang='grc' dir='ltr'><em>τοῖον</em></span> <span class='ocrx_word' id='word_1_306' title='bbox 887 2703 913 2763; x_wconf 77' lang='grc' dir='ltr'><em>ἢ</em></span> <span class='ocrx_word' id='word_1_307' title='bbox 942 2714 1055 2750; x_wconf 83' lang='grc' dir='ltr'><em>τοῖον</em></span> <span class='ocrx_word' id='word_1_308' title='bbox 1098 2712 1139 2752; x_wconf 94' lang='lat' dir='ltr'><strong>in</strong></span> <span class='ocrx_word' id='word_1_309' title='bbox 1180 2712 1312 2753; x_wconf 91' lang='lat' dir='ltr'>omnia</span> <span class='ocrx_word' id='word_1_310' title='bbox 1358 2711 1461 2752; x_wconf 86' lang='lat' dir='ltr'>valet</span> <span class='ocrx_word' id='word_1_311' title='bbox 1501 2721 1629 2762; x_wconf 89' lang='lat' dir='ltr'>quae..</span> 
     </span>
     <span class='ocr_line' id='line_1_37' title="bbox 175 2783 1633 2841; baseline -0.001 -17"><span class='ocrx_word' id='word_1_312' title='bbox 175 2795 333 2837; x_wconf 92' lang='lat' dir='ltr'><strong>cunque</strong></span> <span class='ocrx_word' id='word_1_313' title='bbox 370 2787 481 2834; x_wconf 87' lang='lat' dir='ltr'><strong>sunt,</strong></span> <span class='ocrx_word' id='word_1_314' title='bbox 521 2784 612 2836; x_wconf 88' lang='lat' dir='ltr'>quia</span> <span class='ocrx_word' id='word_1_315' title='bbox 654 2783 752 2825; x_wconf 90' lang='lat' dir='ltr'><strong>nihil</strong></span> <span class='ocrx_word' id='word_1_316' title='bbox 794 2787 854 2841; x_wconf 88' lang='lat' dir='ltr'>est</span> <span class='ocrx_word' id='word_1_317' title='bbox 890 2788 1053 2838; x_wconf 85' lang='lat' dir='ltr'>praeter</span> <span class='ocrx_word' id='word_1_318' title='bbox 1080 2797 1131 2825; x_wconf 91' lang='lat' dir='ltr'>ea</span> <span class='ocrx_word' id='word_1_319' title='bbox 1161 2797 1263 2838; x_wconf 91' lang='lat' dir='ltr'>quae</span> <span class='ocrx_word' id='word_1_320' title='bbox 1290 2783 1474 2825; x_wconf 89' lang='lat' dir='ltr'><strong>sensibus</strong></span> <span class='ocrx_word' id='word_1_321' title='bbox 1506 2794 1633 2838; x_wconf 61' lang='lat' dir='ltr'>appa,—</span> 
     </span>
     <span class='ocr_line' id='line_1_38' title="bbox 184 2850 1633 2911; baseline 0.001 -14"><span class='ocrx_word' id='word_1_322' title='bbox 184 2860 289 2899; x_wconf 89' lang='lat' dir='ltr'><strong>rent.</strong></span> <span class='ocrx_word' id='word_1_323' title='bbox 344 2857 477 2911; x_wconf 89' lang='lat' dir='ltr'><strong>Atque</strong></span> <span class='ocrx_word' id='word_1_324' title='bbox 506 2868 595 2899; x_wconf 90' lang='lat' dir='ltr'>cum</span> <span class='ocrx_word' id='word_1_325' title='bbox 635 2869 686 2899; x_wconf 88' lang='lat' dir='ltr'>ex</span> <span class='ocrx_word' id='word_1_326' title='bbox 715 2850 958 2911; x_wconf 67' lang='lat' dir='ltr'>Protagorae</span> <span class='ocrx_word' id='word_1_327' title='bbox 992 2857 1138 2911; x_wconf 87' lang='lat' dir='ltr'>placito</span> <span class='ocrx_word' id='word_1_328' title='bbox 1170 2868 1237 2899; x_wconf 92' lang='lat' dir='ltr'>res</span> <span class='ocrx_word' id='word_1_329' title='bbox 1280 2855 1491 2898; x_wconf 89' lang='lat' dir='ltr'><strong>sensibiles</strong></span> <span class='ocrx_word' id='word_1_330' title='bbox 1527 2855 1633 2898; x_wconf 90' lang='lat' dir='ltr'>adeo</span> 
     </span>
    </p>
   </div>
  </div>
 </body>
</html>
