1871 3204
752 111 1185 174 '—-116-

271 253 415 307 vulgus
441 257 561 293 totum
596 250 873 303 profligaturus
910 254 952 290 ut
980 250 1185 291 Socratica
1218 252 1319 290 ratio
1352 252 1494 293 victrix
1533 250 1720 296 evaderet

273 325 529 377 Protagoram
559 322 731 362 omnium
760 321 1025 375 sophistarum
1056 321 1414 375 praeclarissimum
1443 334 1492 363 ac
1524 323 1625 365 sarna
1648 335 1723 365 ce-

272 395 573 436 lebratissimum
592 405 673 435 non
694 394 821 447 potuit
852 405 933 433 non
960 392 1113 447 eligere
1139 393 1260 435 totius
1289 392 1467 435 cohortis
1490 406 1722 449 propugna-

272 473 412 509 torem.
469 468 600 520 Atque
628 465 952 507 commodissime
980 465 1058 506 hoc
1092 466 1202 517 fecit,
1234 466 1294 517 si,
1324 465 1363 507 id
1398 465 1504 519 quod
1522 477 1612 522 rego
1639 479 1721 508 non

271 540 422 591 dubito,
451 540 696 593 Protagorae
729 538 909 592 discipuli
936 538 1115 592 magistri
1146 537 1367 579 doctrinam
1398 538 1435 578 in
1460 537 1600 578 malam
1622 550 1721 591 par-

269 616 348 653 tem
380 611 664 665 amplificantes
696 611 922 652 vanissimis
964 610 1175 652 studebant
1215 610 1444 664 praestigiis
1488 609 1720 650 dialecticis.

268 684 362 724 lllos
393 688 503 724 certe
534 682 779 724 observandi
809 687 928 736 atque
958 682 1212 723 examinandi
1229 681 1350 723 ·Plato
1380 681 1609 735 ampliorem
1641 681 1719 722 ha-

268 756 389 797 bebat
417 756 697 806 occasionem,
726 766 841 808 quam
866 755 992 812 ipsum
1021 756 1289 809 Protagoram,
1319 754 1385 808 qui
1412 753 1584 795 Platonis
1611 765 1719 794 anno

266 828 594 876 duodevicesimo
631 825 713 867 fato
754 827 888 867 cessit.
963 826 1048 877 lta,
1088 826 1129 867 id
1169 826 1274 881 quod
1317 838 1439 881 saepe
1477 825 1563 867 lieri
1599 825 1716 879 solet,

267 903 510 941 sectatorum
542 900 637 940 vitia
670 899 862 952 magistro
896 902 987 938 sunt
1020 899 1220 951 imputata.

857 1072 1062 1107 (221va
1087 1060 1131 1105 ι’.

376 1182 618 1235 Protagoras
648 1180 862 1233 sophistam
905 1191 951 1221 se
990 1174 1247 1235 profitebatur
1284 1185 1420 1236 aperte
1459 1182 1498 1223 id
1535 1183 1717 1237 proloqui

265 1267 311 1294 se
340 1255 490 1295 audere
528 1254 735 1306 glorians,
778 1266 866 1294 cum
905 1255 1062 1306 priores
1102 1255 1313 1306 sophistae
1348 1255 1517 1295 eandem
1556 1256 1716 1308 quidem

264 1331 388 1367 artem
421 1326 736 1376 tractavissent,
771 1327 858 1377 sed,
887 1330 929 1366 ut
956 1325 1155 1370 hominum
1185 1326 1357 1367 invidias
1384 1331 1503 1380 atque
1534 1328 1626 1368 odia
1651 1328 1717 1381 vi-

263 1404 408 1451 tarent,
436 1398 523 1440 aliis
551 1399 777 1439 nominibus
805 1399 993 1440 indutam.
1050 1397 1138 1443 Vid.
1167 1400 1270 1440 Prot.
1300 1412 1388 1454 pag.
1419 1400 1513 1441 317.
1541 1401 1589 1442 B:
1617 1398 1713 1454 Ἐγώ

263 1468 337 1512 οὖν
366 1468 525 1511 τούτων
554 1468 631 1523 τὴν
659 1470 850 1511 ἐναντίαν
889 1467 1058 1511 ἅπασαν
1087 1468 1186 1511 ὁδὸν
1215 1472 1410 1525 ἐλήλυθα’
1427 1472 1498 1513 καί
1527 1471 1716 1526 ὅμολογαῖ

263 1541 544 1597 τὲσοφιστὴς
574 1536 682 1582 εἶναι
725 1542 798 1582 καί
825 1542 1044 1583 παιδεύειν
1072 1541 1347 1596 ἀνθρώπους,
1392 1545 1464 1585 καί
1491 1544 1716 1597 εὐλάβειαν

264 1610 420 1668 ταύτην
465 1610 584 1664 οἶμαι
623 1611 778 1665 βελτίω
816 1615 975 1668 ἐκείνης
1012 1608 1119 1654 εἶναι
1164 1614 1209 1655 τὸ
1249 1613 1466 1669 ὁμολογεῖν
1501 1619 1660 1667 μᾶλλον
1690 1612 1717 1671 ἢ

260 1686 434 1739 ἔξαρνον
464 1682 584 1726 εἶναι.
643 1687 716 1725 καί
748 1681 878 1733 ἄλλας
905 1685 1009 1738 πρὸς
1038 1685 1168 1741 ταύτῃ
1199 1683 1431 1738 ἔσκεμμαι,
1477 1684 1608 1740 ὥστε,
1638 1687 1718 1729 σιῗν

263 1759 350 1814 θεῷ
381 1758 533 1807 εἰπεῖν,
560 1758 692 1811 μηδὲν
721 1755 854 1796 δεινὸν
881 1754 1059 1809 πάσχειν
1088 1756 1164 1806 διὰ,
1190 1755 1236 1798 τὸ
1273 1757 1487 1820 ὁμολογεῖν
1512 1757 1717 1815 σοφιστής

264 1827 387 1871 εἶναι.Ι
442 1827 549 1883 5Pag.
582 1829 677 1870 348.
706 1828 771 1868 E:
799 1824 922 1869 “901⁶
963 1828 1036 1868 καί
1074 1825 1212 1869 ἄλλων
1253 1828 1408 1884 ταύτην
1447 1828 1525 1885 τήν
1568 1834 1715 1886 τέχνην

264 1903 645 1955 ἀποκρυπτομένων
686 1899 737 1941 σύ
779 1905 815 1954 γ’
845 1898 1093 1955 α’ναφανὸὁν
1130 1898 1312 1942 σεαυτὸν·
1353 1898 1717 1957 ὑποκηρυξάμενος

266 1976 325 2024 εἰς
352 1970 509 2029 πάντας
542 1972 640 2023 τούς
658 1970 858 2028 “Έλληνας
885 1972 1092 2027 σοφιστὴν
1115 1974 1379 2026 ἐπονομάσας
1406 1974 1583 2016 σεαυτὸν
1609 1976 1714 2018 α’πέ..

266 2062 401 2101 φηνας
429 2043 686 2092 παιδεύσεως
714 2044 788 2084 καί
816 2044 967 2097 ἀρετῆς
998 2045 1264 2090 διδάσκαλον.
1306 2046 1436 2099 Atque
1454 2046 1716 2101 Hippocrates

268 2120 525 2173 Protagora-m
556 2118 733 2159 aditurus
763 2130 854 2171 pag.
875 2108 971 2158 311.
1003 2118 1034 2158 Ε
1068 2122 1109 2158 ut
1126 2117 1283 2159 Phidias
1309 2117 1647 2171 ἀγαλματοποιός
1676 2128 1717 2164 et

268 2187 680 2244 Homerusnotqtq'c
723 2190 936 2240 dicantur,
967 2190 1026 2248 ‚ita
1068 2188 1174 2230 illum
1216 2191 1338 2244 vulgo
1381 2185 1717 2245 sophistamfdi‘ci

270 2266 337 2307 ait.
393 2264 435 2304 Av
455 2263 623 2304 Socrate
668 2261 814 2303 deinde
859 2265 1052 2314 rogatuS‚
1099 2266 1141 2302 ut
1182 2263 1248 2315 qui
1289 2263 1366 2303 sibi
1407 2264 1583 2317 sophista
1623 2261 1716 2308 e'sse

271 2335 454 2377 videatur
484 2335 604 2387 dicat,
633 2346 725 2388 pag.
745 2335 840 2375 312.
875 2334 905 2374 C
934 2334 1174 2387 respondet:
1201 2332 1298 2389 Ἐγώ
1327 2336 1417 2389 μὲν,
1447 2332 1586 2392 ὥσπερ
1617 2333 1721 2379 roz-v

270 2423 404 2460 νομα,
444 2408 585 2448 τοῦτον
625 2402 731 2448 εἶναι
772 2405 996 2462 (ἡγοῦμαι)
1034 2404 1108 2447 τὸν
1148 2408 1231 2448 τῶν
1262 2409 1407 2462 σοφῶν
1446 2392 1716 2463 ἐπιστήμονά.

271 2480 342 2522 llle
371 2486 496 2528 vero,
524 2481 587 2521 cui
617 2480 793 2521 nondum
823 2480 970 2520 sufficit
1001 2480 1155 2521 iuvenis
1184 2491 1439 2532 responsum,
1478 2492 1657 2535 quanam·
1678 2485 1722 2532 in·

269 2566 316 2596 re
349 2552 479 2608 σοφοί
506 2553 583 2593 sint
610 2552 812 2607 sophistae
842 2554 1006 2606 quaerit.
1044 2553 1128 2604 ‚Ad
1160 2552 1266 2606 quod
1294 2553 1554 2607 Hippocrates
1588 2555 1643 2597 Τι’
1666 2552 1719 2598 ἂν

269 2625 493 2679 εἶποιμεν«,·
515 2626 666 2678 inquit,
694 2625 820 2669 αὐτὸν
849 2622 987 2679 εἶναι,
1018 2622 1053 2670 ὦ
1080 2624 1308 2682 Σώκρατες,
1341 2624 1366 2685 ἢ
1398 2630 1617 2684 ἐπιστάτην
1643 2626 1721 2679 τοῦ
1750 2617 1753 2621 ⁴

270 2702 445 2752 ποιῆσαι
475 2695 613 2739 δεινὸν
644 2698 796 2751 λέγεινξ
842 2701 997 2742 Socrati
1041 2705 1171 2741 autem
1203 2705 1313 2742 recte
1351 2703 1509 2755 quidem
1552 2702 1716 2756 dixisse,

271 2771 443 2812 necdum
471 2781 571 2812 vero
601 2770 698 2811 satis
725 2783 807 2812 rem
848 2772 1073 2826 explicasse
1111 2771 1294 2815 videtur:
1340 2770 1597 2830 Ἐρωτήοεως
1634 2770 1717 2832 γὰρ

267 2842 328 2886 ἔτι
358 2843 382 2897 ἦ
416 2841 639 2899 ἀπόκρισις
680 2839 778 2896 ἡμῖν
831 2846 988 2901 δεῖται,
1027 2846 1124 2901 περί
1166 2841 1264 2888 ὅτου
1293 2844 1315 2888 ὅ
1343 2843 1546 2902 σοφιστῆς
1583 2846 1722 2899 δεινὰν
