1871 3204
814 135 1166 200 —118—

271 275 353 321 vid.
394 279 514 339 Soph.
554 289 645 331 pag.
677 277 770 319 23¹.
803 277 864 328 D,
909 277 1011 318 Prot.
1040 289 1131 331 pag.
1161 277 1255 318 313.
1283 276 1325 319 C.
1353 305 1405 312 —-
1441 280 1573 333 'Atque
1614 271 1733 320 multi

274 352 432 405 quidem
474 361 613 389 eorum
656 349 809 402 αἱρετήν
852 362 898 390 se
932 351 1081 390 docere
1121 338 1406 402 profitebantur
1443 351 1558 398 (Plat.
1597 353 1720 405 Gorg.

274 434 364 476 pag.
392 419 487 461 519.
518 420 601 472 CJ:
645 432 696 461 ex
726 422 900 474 ipsorum
932 425 1061 462 autem
1090 432 1256 462 numero
1288 418 1355 463 alii
1383 420 1460 462 illis
1491 422 1723 480 irridebant,

273 495 339 546 qui
368 493 553 534 virtutem
582 493 720 534 doceri
750 505 873 547 posse
906 493 1210 544 contenderent,
1242 497 1334 534 ante
1362 505 1502 535 omnes
1532 494 1717 548 Gorgias,
1771 501 1775 506 '

273 568 387 607 cuius
415 578 481 607 ars
498 552 579 607 tota
598 567 636 608 in
653 566 932 621 persuadendo
954 566 1190 608 versabatur
1218 566 1363 621 (Gorg.
1379 579 1470 621 pag.
1493 559 1588 609 452.
1604 567 1649 619 D,
1677 566 1722 609 E.

272 639 381 680 Men.
394 651 485 694 pag.
503 639 569 681 95.
590 640 655 691 Β).
681 640 860 695 Plerique
880 640 1021 681 multas
1035 641 1223 681 scientias
1245 644 1429 693 artesque
1447 639 1624 694 singulas
1634 642 1721 680 t'ra—

279 712 444 762 debant,
465 716 514 753 ,ut
532 712 738 763 musicam,
754 713 1085 765 mathematicam,
1115 713 1410 763 astronomiam,
1438 712 1477 754 id
1492 715 1621 766 genus
1633 712 1727 754 alia.

273 784 447 824 Fuerunt
476 784 609 832 etiam,
637 783 702 835 qui
735 784 867 824 omnia
898 795 943 824 se
971 786 1078 824 scire
1108 784 1388 837 gloriarentur,
1421 781 1466 824 ut
1478 784 1720 837 Hippias.—

273 854 362 903 Quo
393 852 539 895 factum
573 858 649 906 est,
677 858 719 896 ut
751 853 954 908 sophistae
974 855 1094 913 modo
1116 856 1301 898 rhetores
1329 855 1567 907 dicerentur,
1599 856 1720 897 modo

266 926 426 967 virtutis
459 926 662 976 doctores,
691 926 812 968 modo
844 926 943 967 tales
971 928 1062 977 viri,
1091 927 1157 980 qui
1183 927 1285 968 aiios
1304 929 1505 981 sapientes
1524 928 1721 979 sac-ereum

272 1010 348 1051 qua
380 1002 509 1039 autem
539 998 579 1039 in
608 1009 654 1038 re
683 999 886 1051 sapientes
916 1002 956 1038 et
983 997 1163 1039 facerent
1203 1003 1242 1039 et
1279 1000 1354 1052 ipsi
1394 1005 1557 1050 essent,
1600 1009 1722 1053 saepe

273 1072 510 1114 nesciretur.
546 1070 661 1111 Conf.
683 1069 948 1111 Baumhaueri
974 1069 1040 1110 lib.
1069 1081 1161 1125 pag.
1180 1070 1270 1111 114.
1300 1071 1382 1111 ind.
1412 1083 1497 1124 cap.
1517 1071 1562 1112 11.
1591 1072 1724 1120 Quare

274 1154 377 1197 quae
399 1142 533 1184 luerit
570 1142 689 1184 unius
729 1142 920 1196 cuiusque
961 1142 1187 1196 professio,
1224 1144 1263 1184 in
1301 1139 1467 1199 singulis
1510 1144 1751 1198 separatim>

272 1221 335 1258 est
362 1215 646 1270 quaerendum.

317 1343 320 1347 ι
389 1289 652 1342 Hippocrates
683 1290 831 1342 igitur,
858 1293 901 1329 ut
939 1288 988 1328 ad
1021 1288 1277 1342 Protagoram
1306 1288 1531 1338 redeamus,
1567 1289 1627 1329 vir
1653 1288 1720 1328 in-

272 1361 401 1414 signis
433 1373 481 1401 ac
509 1361 739 1414 praeclarus
773 1360 924 1401 futurus
953 1360 1198 1413 Protagorae
1230 1359 1412 1401 doctrina
1450 1360 1570 1401 imbui
1600 1361 1719 1414 cupit.

271 1433 312 1474 ls
349 1444 449 1473 vero
482 1445 505 1473 a
537 1433 705 1474 Socrate
743 1437 937 1486 rogatuS,
977 1444 1184 1485 quamnam
1221 1437 1343 1473 artem
1374 1444 1461 1473 cum
1484 1433 1721 1485 Hippocrate

273 1505 638 1545 communicaturus
681 1505 759 1555 sit,
801 1504 840 1545 in
889 1504 976 1545 dies
1016 1504 1121 1544 illum
1160 1516 1231 1545 sua
1271 1504 1476 1557 disciplina
1517 1504 1721 1544 meliorem

272 1577 362 1618 sore
390 1576 607 1630 respondet
646 1589 737 1631 pag.
768 1576 861 1618 318.
891 1577 953 1618 A:
989 1576 1228 1627 Ὑπολαβών
1268 1570 1343 1618 οὖν
1380 1574 1400 1618 ὁ
1432 1572 1743 1630 Πρωταγόρας

271 1645 411 1691 εἶπεν·
468 1645 505 1690 ὦ
535 1648 746 1701 νεάνισκε,
784 1647 904 1690 ἔσται
944 1650 1078 1689 τοίνυν
1105 1650 1193 1699 σοι’,
1224 1648 1300 1689 ἐὰν·
1324 1649 1421 1700 ἐμοὶ
1444 1650 1591 1704 συνῇς,
1618 1643 1644 1705 ᾗ
1673 1646 1726 1689 ἂν

270 1721 408 1779 ἡμέρᾳ
439 1722 537 1774 ἐμοί
561 1724 752 1777 συγγένῃ,
787 1720 954 1762 ἀπιέναι
982 1718 1123 1761 οἴκαδε
1150 1721 1328 1772 βελτίονι
1357 1717 1555 1774 γεγονότι,
1582 1721 1655 1760 καί
1679 1721 1724 1760 ἑν

271 1795 325 1848 τῇ
353 1792 556 1850 ὑστεραίᾳ
583 1791 690 1833 αὐτὰ
722 1794 868 1843 ταῦτα,
897 1792 969 1832 καὶ
996 1787 1172 1845 ἑκάστης
1197 1788 1356 1845 ἡμέρας
1383 1791 1454 1832 ἀεί
1477 1786 1610 1832 &ulid
1626 1793 1722 1844 βέλ-

271 1880 362 1906 τιον
387 1863 636 1906 ἐπιδιδόναι.
671 1865 758 1913 Quo
777 1866 975 1918 promisso
986 1865 1174 1905 Socrates
1204 1876 1283 1905 non
1314 1869 1525 1905 contentus
1552 1864 1718 1905 edoceri

271 1938 366 1989 vult,
394 1950 471 1992 qua
505 1939 543 1978 in
573 1950 618 1979 re
638 1938 792 1978 iuvenis
810 1938 951 1978 melior
979 1939 1030 1978 sit
1059 1938 1226 1978 futurus.
1283 1937 1350 1977 llle
1382 1949 1494 1988 vere,
1527 1949 1572 1978 se
1598 1936 1719 1978 multo

272 2012 520 2064 superiorem
549 2011 737 2061 conlisus,
769 2012 975 2052 Socratem
1004 2011 1199 2051 iuniorem
1230 2010 1346 2050 valde
1369 2010 1517 2058 laudat,
1549 2010 1614 2063 qui
1642 2013 1720 2050 tam

272 2085 377 2125 bene
411 2084 514 2125 sciat
556 2085 840 2138 interrogare,
886 2096 1016 2137 neque
1059 2096 1104 2124 se
1149 2083 1293 2123 deesse
1337 2084 1440 2123 bene
1476 2083 1721 2136 rogantibuS.

272 2156 352 2197 lam
382 2168 481 2197 vero
513 2157 656 2197 multus
686 2161 746 2197 est
774 2161 1010 2209 exponens,
1044 2159 1190 2210 quanto
1223 2155 1489 2209 praestantior
1518 2146 1640 2208 ipsius
1669 2155 1723 2196 sit

272 2240 339 2269 ars
368 2240 485 2282 quam
516 2233 741 2269 ceterorum
769 2228 1050 2282 sophistarum,
1079 2229 1145 2281 qui
1176 2228 1343 2269 iuvenes
1371 2227 1540 2280 perdant
1568 2239 1617 2268 ac
1647 2227 1723 2267 de-

272 2301 445 2342 teriores
478 2299 673 2344 dimittant
713 2313 831 2355 quam
863 2287 1119 2354 acceperint:
1165 2299 1445 2342 adolescentes
1487 2301 1618 2350 enim,
1657 2300 1724 2354 qui

273 2376 381 2413 artes
410 2372 596 2426 fugerint,
628 2372 776 2413 invitos
804 2373 854 2412 ab
886 2372 963 2413 illis
994 2372 1043 2412 ad
1073 2376 1181 2414 artes
1209 2371 1347 2425 repelli
1368 2371 1557 2425 rationes,
1588 2375 1723 2412 astro-

271 2443 460 2493 nomiam,
487 2445 748 2502 geometriam
766 2443 1039 2494 tradentibus;
1072 2445 1199 2503 ipsum
1229 2447 1360 2484 autem
1390 2441 1489 2483 nihil
1519 2441 1624 2484 aliud
1650 2453 1724 2483 eos

273 2517 426 2557 docere
465 2528 579 2568 quam
608 2518 719 2557 cuius
749 2529 870 2558 causa
902 2529 947 2557 se
971 2506 1163 2571 aggressi
1190 2517 1280 2556 sint.
1340 2515 1594 2575 Disciplinam
1624 2526 1723 2555 vero

269 2602 382 2633 suam
400 2588 462 2630 his
478 2588 612 2630 verbis
629 2589 762 2632 definit
774 2602 864 2645 pag.
877 2590 971 2632 318.
984 2589 1037 2631 E:
1063 2588 1117 2632 Τὁ
1137 2590 1184 2632 δὲ
1201 2585 1383 2643 μάθημοί
1396 2589 1508 2645 ἐστιν
1521 2587 1722 2641 εὐβουλία

264 2662 427 2714 περίτε
444 2661 527 2701 τῶν
545 2659 723 2713 οἰκείων,
753 2657 866 2710 ὅπως
881 2655 933 2702 ἄν
948 2656 1100 2714 ἄριστα
1131 2659 1207 2712 τὴν
1237 2655 1368 2700 αὐτοῦ
1395 2660 1527 2701 οἰκίαν
1557 2660 1721 2707 διοικοῖ,

263 2733 338 2775 καὶ
368 2734 466 2787 περὶ
495 2733 581 2775 τῶν
610 2732 682 2786 τῆς
709 2732 888 2786 πόλεως,
917 2729 1028 2782 ὅπως
1057 2730 1108 2774 τά
1140 2734 1210 2785 τῆς
1239 2730 1397 2780 πόλεως
1427 2728 1721 2777 δυνατώτατος

265 2801 320 2845 «ἲν
348 2804 514 2858 εἴη’καὶ
541 2801 737 2858 πράττειν
774 2806 846 2845 καί
884 2807 1030 2858 λέγειν.
1091 2803 1215 2853 Quam
1255 2804 1489 2844 sententiam
1530 2801 1720 2856 Socrates

264 2878 531 2931 paucioribus*
552 2877 687 2919 verbis
721 2878 887 2918 eandem
920 2879 972 2919 ita
1003 2878 1228 2931 exprimere
1247 2877 1337 2919 'sibi
1365 2875 1538 2918 videtur:
1569 2876 1717 2933 Δοκεῐς
