1871 3204
219 265 338 316 sium,
367 267 603 314 Meursium,
633 265 857 315 Petavium,
886 265 1227 319 Hambergerum,
1248 266 1515 319 Bruckerum,
1544 264 1684 308 Corsi-

223 350 331 390 num,
360 351 443 379 rem
472 337 594 377 multo
614 338 941 389 probabiliorem,
969 339 1089 379 immo
1105 350 1208 390 quae
1222 338 1308 379 sola
1331 351 1426 379 vera
1445 344 1520 390 est,
1554 350 1684 392 agen-

220 416 283 453 tes
330 410 487 452 silentio
532 410 776 462 premendos
819 409 944 450 duxit.
1011 410 1173 451 Meursii
1220 411 1324 451 enim
1362 411 1684 451 emendationem

223 485 409 536 optimam
452 493 545 521 esse
577 482 656 521 iam
695 493 836 523 omnes
880 482 1114 536 intelligent.
1188 483 1301 531 Quae
1342 494 1394 523 ex
1431 482 1591 523 Laertio
1633 483 1685 523 de

222 557 495 607 Anaxagorae
523 553 603 593 vita
641 553 758 594 nobis
790 554 1072 604 innotuerunt,
1095 558 1173 594 tam
1202 553 1411 607 praeclare
1440 556 1687 607 conspirant,

225 632 268 668 ut
300 626 538 666 dubitationi
564 626 633 666 vix
662 627 871 679 quicquam
902 628 952 667 sit
979 626 1073 666 loci.
1131 626 1182 666 Ut
1212 627 1317 666 enim
1345 627 1469 666 verba
1499 628 1587 668 eius
1608 628 1686 667 iam

218 698 431 739 emendata
461 698 676 749 ascribam,
709 698 812 739 haec
842 703 957 740 sunt:
992 698 1018 739 1.
1050 698 1231 751 Λέγεται
1261 699 1308 738 δὲ
1337 697 1443 739 κατὰ
1475 697 1550 753 τήν
1577 695 1684 753 Ξέρ-

219 774 293 821 ξου
327 768 528 822 διάβασιν
558 766 713 811 εἴκοσιν
743 771 850 811 ἑτῶν
875 766 1010 822 εἶναι,
1051 770 1300 823 βεβιωκέναι
1328 772 1374 811 δὲ
1404 767 1684 825 ἑβδομήψα

216 841 308 886 δύο,
354 842 400 885 ll.
436 842 551 895 Φησὶ
568 839 615 882 δὲ
645 839 972 896 Ἀπολλόδωρος
995 840 1041 883 ἐν
1068 847 1157 891 τοῖς
1183 845 1406 896 χρονικοῖς,
1434 825 1686 896 7¹⁸7th

215 913 348 956 αὐτὸν
378 915 427 970 τῇ
456 909 742 969 ἕβδομήκοστῇ
782 913 1037 967 ὀλυμπιάδι,
1073 916 1322 968 τεθνηκέναι
1362 916 1408 955 δὲ
1446 915 1505 972 τῷ
1533 904 1683 971 προῖῗῳ

217 984 304 1028 ἔτει
346 986 418 1041 τῆς
462 982 737 1041 ὄγδοηκοστῆς
783 985 950 1041 ὀγδόης.
1010 986 1074 1028 Ill.
1108 981 1307 1040 '‘Hygato
1351 989 1397 1030 δὲ
1437 991 1685 1044 φιλοσοφεῖν

226 1058 459 1115 Αθήνῃσιν
487 1058 557 1099 ἐπὶ
591 1060 781 1099 Καλλίου
815 1061 921 1099 ἑτῶν
951 1058 1106 1101 εἴκοσιν
1136 1055 1207 1111 ὧν,
1238 1056 1295 1107 αῗς
1323 1075 1430 1114 φησι
1445 1058 1686 1114 Δημήτριος

221 1129 243 1170 0‘
281 1129 509 1186 Φαληρεὺς
540 1130 584 1170 ἐν
618 1131 673 1187 τῇ
702 1131 786 1171 τῶν
825 1129 1045 1185 ἀρχόντων
1075 1131 1315 1188 ἀναγραφῇ.
1393 1131 1536 1172 Tribus
1570 1132 1691 1185 igitur

215 1203 392 1244 fontibus
425 1204 630 1256 Diogenes
663 1215 760 1244 usus
790 1208 864 1244 est.
921 1204 1116 1254 Primum,
1158 1205 1309 1256 inquit,
1334 1197 1442 1243 sunt
1478 1204 1543 1254 qui
1569 1203 1684 1243 Ana-

190 1286 410 1329 xagoram
453 1284 560 1315 anno
588 1273 683 1314 480.
724 1273 912 1315 iuvenem
953 1274 1095 1329 viginti
1134 1285 1327 1316 annorum
1361 1274 1484 1317 fuisse
1513 1272 1685 1324 tradant,

217 1354 257 1389 et
301 1350 453 1389 vixisse
496 1359 627 1388 annos
670 1349 924 1400 septuaginta
973 1349 1064 1388 duo.
1144 1349 1176 1389 li
1222 1360 1323 1402 ergo
1370 1353 1504 1388 natum
1551 1348 1687 1387 dicunt

217 1431 325 1461 anno
347 1420 441 1464 500.
476 1420 569 1461 Tum
590 1418 862 1472 Apollodorus
893 1420 933 1460 in
964 1419 1095 1461 lucem
1123 1424 1351 1474 susceptum
1380 1420 1433 1461 ait
1460 1418 1687 1473 olympiade

216 1495 544 1547 septuagesima,
591 1495 705 1534 cuius
744 1494 895 1546 primus
940 1505 1067 1534 annus
1105 1498 1166 1534 est
1198 1493 1301 1543 5003
1347 1498 1541 1533 mortuum
1587 1503 1686 1533 vero

216 1566 453 1618 olympiadis
484 1565 761 1618 octogesimae
794 1568 963 1605 octavae
992 1576 1098 1604 anno
1127 1565 1267 1618 primo.
1328 1564 1552 1605 Demetrius
1573 1564 1686 1605 'Pha-

215 1639 350 1679 lereus
382 1638 554 1690 denique
594 1637 716 1678 Callia
757 1637 843 1677 sive
883 1637 1060 1677 Calliade
1103 1638 1325 1688 archonte,
1367 1639 1433 1690 qui
1472 1643 1558 1678 erat
1591 1640 1686 1679 anni

216 1710 312 1752 480.
345 1710 447 1760 (vid.
482 1711 652 1750 Clinton.
681 1710 788 1750 Fast.
818 1709 918 1750 Hell.
952 1709 990 1749 h.
1016 1716 1105 1760 a.),
1141 1710 1283 1763 viginti
1320 1722 1409 1751 eum
1447 1722 1576 1751 annos
1607 1710 1686 1751 ha-

218 1785 355 1824 buisse
389 1787 536 1823 narrat.
583 1783 724 1823 Natum
755 1793 856 1835 ergo
886 1783 1120 1822 confirmant
1138 1783 1426 1835 Anaxagoram
1455 1794 1563 1823 anno
1585 1784 1683 1824 500.

219 1868 361 1896 omnes
395 1857 536 1909 quibus
568 1856 775 1911 Diogenes
804 1867 900 1896 usus
933 1860 995 1896 est
1025 1860 1224 1896 auctores.
1282 1856 1342 1896 Ex
1371 1856 1459 1897 aliis
1489 1868 1587 1897 vero
1618 1857 1686 1898 ni-

217 1930 298 1979 hil,
343 1929 451 1982 quod
486 1929 637 1977 sciam,
679 1933 925 1980 compertum
956 1928 1176 1978 habemus,
1220 1929 1298 1968 nisi
1326 1929 1434 1980 quod
1462 1928 1585 1969 falsus
1616 1930 1683 1969 ille

219 2003 420 2054 Origenes
433 2000 578 2040 Philos.
610 2011 697 2052 cap.
722 1999 822 2040 Vlll.
855 1993 985 2046 Οὗτος
1007 1996 1327 2054 [Ἀναξαγόρας]
1357 1994 1541 2051 ἤκμασεν
1564 1997 1686 2049 ἔτους

218 2071 390 2127 πρώτου
421 2074 493 2126 τῆς
526 2068 804 2126 ὄγὸοηκοστῆς
844 2068 993 2125 ὀγδόης
1035 2069 1301 2120 ὀλυμπιάδος
1345 2071 1509 2111 tradens
1545 2074 1685 2112 mortis

220 2157 366 2185 annum
390 2156 461 2197 pro
477 2144 612 2198 α’κμῆς
630 2148 811 2197 tempore
829 2144 975 2197 posuit,
1005 2143 1046 2183 id
1070 2141 1177 2195 quod
1200 2146 1312 2183 recte
1342 2143 1597 2185 observatum
1624 2149 1688 2186 est

168 2254 171 2256 .
219 2230 241 2257 a
271 2218 455 2258 Clintone
482 2217 586 2258 Fast.
618 2216 717 2257 Hell.
748 2229 784 2257 a.
816 2217 913 2257 428.
971 2216 1070 2257 Nam
1100 2215 1329 2266 Eusebium,
1360 2218 1427 2269 qui
1458 2216 1684 2270 olympiade

220 2291 514 2344 septuagesima
547 2290 785 2330 inclaruisse
815 2290 871 2330 ait
898 2288 1158 2340 Hellanicum,
1188 2290 1473 2339 Democritum,
1500 2289 1684 2330 Heracli-

221 2368 319 2413 tum,
348 2364 650 2416 Anaxagoram,
677 2362 776 2402 nihil
806 2373 963 2410 mor0r3
994 2373 1126 2413 neque
1143 2362 1272 2414 magis
1288 2362 1528 2415 Syncellum,
1557 2363 1686 2416 quiex

219 2435 395 2476 Eusebio
425 2435 586 2489 sapiens
615 2447 708 2489 pag.
724 2436 818 2477 238.
835 2434 865 2475 C
893 2434 1076 2475 diversas
1094 2434 1317 2491 eorundem
1333 2435 1489 2475 illorum
1509 2436 1685 2477 virorum

221 2512 375 2548 aetates
393 2508 537 2548 eodem
552 2509 673 2549 modo
690 2507 909 2549 confundit.
943 2507 1091 2548 Talium
1114 2508 1219 2547 enim
1234 2507 1414 2548 locorum
1433 2519 1535 2561 quae
1555 2510 1606 2550 sit
1619 2521 1687 2550 ra-

221 2583 294 2631 tio,
309 2579 387 2620 -vel
408 2580 501 2620 inde
520 2586 698 2633 apparet,
718 2580 826 2634 quod
843 2581 945 2632 apud
959 2579 1172 2620 Eusebium
1194 2579 1419 2631 olympiade
1435 2582 1685 2635 octogesima

220 2651 449 2693 Heraclitus
473 2655 512 2690 et
525 2652 773 2704 octogesima
793 2655 905 2691 sexta
921 2652 1187 2704 Democritus,
1205 2653 1377 2705 itemque
1396 2654 1497 2706 apud
1514 2653 1686 2707 Syncel-

221 2725 301 2765 lum
324 2736 416 2778 pag.
436 2723 530 2764 248.
548 2722 578 2763 Β
602 2723 852 2765 Democritus
875 2730 967 2765 ante
987 2723 1132 2766 bellum
1147 2724 1529 2777 Peloponnesiacum
1545 2728 1687 2768 iterum

221 2797 407 2838 floruisse
419 2796 619 2838 dicuntur.
635 2794 829 2837 Mortuum
844 2801 973 2839 autem
987 2797 1042 2838 ait
1053 2798 1339 2852 Anaxagoram
1351 2798 1546 2841 Eusebius
1560 2799 1688 2854 olym-

220 2870 352 2926 piadis
380 2869 705 2925 septuagesimae
721 2880 853 2912 nonae
873 2882 981 2913 anno
1005 2871 1137 2924 tertio,
1173 2876 1291 2927 atque
1321 2873 1430 2915 circa
1462 2872 1567 2914 idem
1600 2873 1686 2916 sere
