1871 3204
762 154 962 226 —134
1036 202 1092 209 .-

202 307 271 350 libz
302 307 403 348 vlu.
435 317 521 359 cap.
556 305 646 346 120.
675 306 906 357 respexisse
934 307 1047 351 recte
1078 302 1237 357 quidem
1266 316 1291 345 a
1317 304 1487 346 Corsino
1517 304 1664 347 obser-

203 383 337 422 vatum
366 382 453 429 est3
485 376 558 418 sed
588 387 754 430 prorsus
783 376 943 418 diversa
975 375 1081 417 ilium
1112 387 1280 417 narrare
1310 375 1520 419 Corsinum
1552 376 1664 430 fugit.

203 453 316 495 Haec
342 451 448 491 enim
477 450 564 503 ipsa
592 453 683 490 sunt
710 448 904 490 Herodoti
947 448 1099 489 verba:
1150 446 1354 490 Φαίνεται
1396 446 1481 503 γὰρ
1507 445 1666 502 Ξέρξης

206 523 252 567 ἐν
287 523 341 581 τῇ
368 519 505 563 ὀπίσω
533 522 688 579 κομιδῇ
727 519 979 575 ἀπικόμενος
1022 522 1065 569 ές
1082 514 1283 603 ’Ἄβδηρα
1313 517 1387 561 καί
1426 520 1581 573 ξεινίην
1618 520 1667 561 τέ

204 611 285 653 σφι
317 596 574 648 συνθέμενος
610 594 683 636 καί
708 591 1006 649 δωρησάμενος
1034 589 1189 642 αὐτους
1220 587 1408 650 άκινάκη
1424 607 1470 634 τε
1494 592 1672 649 χρυσέῳ

203 669 278 709 καί
305 666 430 723 τιήρῃ
460 666 759 724 χρυσοπάστῳ.
817 663 891 707 καί
930 662 987 714 ὦς
1028 664 1154 706 αὐτοὶ
1190 663 1358 719 λέγουσι
1393 663 1668 718 Ἀβδηρῖται,

202 741 393 794 λέγοντες
418 736 560 793 ἔμοιγε
592 738 794 791 οὐδαμῶς
822 737 952 780 πιστά
970 773 981 791 ,
1023 737 1188 796 πρῶτον
1215 735 1398 805 ἐλύσατο
1426 735 1504 792 τὴν
1534 735 1669 791 ζιόνην

204 812 403 868 φεύγων
416 811 460 861 ἐξ
500 811 723 866 Ἀθηνέων
765 809 901 852 ὀπίσω
945 809 1002 859 ὥς
1043 808 1088 852 ἐν
1128 810 1247 867 α’δείῃ
1283 807 1379 851 έων.
1448 810 1665 852 Memorari

202 888 361 940 poterat
402 886 523 926 etiam
566 883 801 937 caput120.
833 882 901 928 lib.
932 882 1031 936 vll,
1074 883 1143 925 ubi
1185 879 1395 938 postquam
1435 882 1669 947 Hapodops

202 962 451 1011 quantopere
485 956 731 997 Graecorum
762 955 907 1008 oppida
936 955 1086 997 Xerxis
1115 957 1274 1010 agmine
1304 947 1515 998 exhaust&
1516 926 1669 1009 ahot

204 1029 356 1072 diserte
386 1028 597 1082 exposuit,
638 1027 717 1068 hoc
748 1026 799 1068 de
827 1026 1033 1069 Abderitis
1072 1027 1220 1069 affert.
1257 1021 1397 1069 Ἔνθα
1426 1025 1477 1081 δὴ
1509 1013 1683 1081 Mem--

202 1102 399 1156 κρέοντος
430 1097 587 1154 ἀνδρὸς
611 1094 883 1153 Ἀβδηρίτεω
926 1097 1025 1148 ἔπος
1051 1095 1105 1141 ευ
1131 1100 1355 1155 εἰρημένον
1394 1099 1583 1154 ἐγένετο,
1618 1095 1667 1148 ὃς

202 1175 512 1226 συνέβουλ-ευσε
558 1171 839 1229 Ἀβδηρίτῃσι
888 1170 1101 1227 πανδημει
1146 1169 1306 1221 αὐτοῦς
1349 1172 1423 1217 καὶ
1466 1175 1669 1226 γυναῖκας

201 1244 406 1294 ἐλθόντας
451 1247 495 1295 ές
535 1242 587 1287 τά
626 1246 813 1328 σφέτερα
843 1242 917 1300 ἱρὰ
946 1246 1114 1296 ιξεσθαι
1154 1244 1293 1294 ἱκέτας
1320 1261 1404 1286 των
1437 1246 1552 1286 θεῶν
1583 1261 1672 1294 πα-

202 1320 536 1374 ραιτεομένους,
579 1332 649 1358 και
693 1315 738 1359 τὸ
785 1315 931 1358 λοιπόν
966 1333 1043 1373 σφι
1077 1315 1315 1370 α’παμύνειν
1350 1318 1437 1359 τῶν
1464 1313 1670 1359 ἐπιόντων

200 1406 340 1432 κακων
366 1387 418 1432 τοὶ
453 1389 638 1444 ἡμίσεα,
680 1406 765 1432 των
808 1405 853 1432 τε
880 1392 1205 1444 παροιχομένων
1232 1387 1349 1444 ἔχειν
1376 1405 1454 1445 σφι
1482 1385 1669 1444 μεγάλην
1732 1435 1734 1437 ,
1831 1442 1834 1444 Α

202 1459 359 1517 χάριν,
403 1456 470 1503 ὅτι
508 1459 709 1515 βασιλεὺς
740 1459 899 1518 Ξέρξης
934 1461 986 1503 ου’
1017 1463 1083 1511 δίς
1112 1458 1289 1516 ἑκάστης
1315 1460 1474 1517 ἡμέρης
1502 1458 1671 1513 ἐνόμισε
1866 1478 1871 1509 i

200 1538 320 1575 σῖτον
348 1531 597 1588 αἱρέεσθαι·
656 1536 861 1587 παρέχειν
886 1532 966 1589 γὰρ
997 1528 1048 1575 ἂν
1075 1531 1376 1590 Ἀβδηρίτῃσι,
1407 1534 1448 1576 εἰ
1472 1531 1543 1574 καὶ
1570 1528 1671 1588 ὅρι-

202 1619 303 1648 στον
331 1603 557 1663 προείρητο
585 1605 712 1661 ὅμοῖα
743 1609 803 1664 τῷ
832 1608 982 1665 δείπνῳ
1011 1596 1378 1662 παρασκευάζειν,
1424 1600 1454 1660 ἢ
1477 1603 1535 1660 μὴ
1566 1604 1673 1647 ὑπο-

202 1681 345 1731 μένειν
373 1675 535 1733 Ξέρξεα
578 1678 754 1722 ἐπιόντα
783 1675 813 1734 ἢ
839 1683 1169 1732 καταμείναντας
1197 1669 1373 1721 ιιάκιστα
1402 1678 1567 1721 πάντων
1596 1680 1672 1720 α’ν-

207 1749 397 1803 θρώπων
430 1752 717 1806 διατριβῆναι.
757 1752 873 1806 Apud
891 1752 1137 1805 Herodotum
1166 1752 1289 1806 igitur
1305 1752 1513 1793 Persarum
1547 1763 1672 1794 exer-

204 1823 302 1863 citui
332 1823 383 1864 ab
398 1823 604 1864 Abderitis
625 1836 784 1877 quoque
814 1826 960 1866 victum
992 1823 1322 1878 suppeditandum
1351 1824 1477 1866 fuisse
1502 1824 1668 1878 legitur:

204 1895 293 1948 quis
310 1907 410 1936 vero
428 1895 710 1937 Abderitarum
739 1898 892 1951 regium
911 1897 1107 1950 hospitem
1138 1897 1259 1938 domo
1290 1898 1520 1955 excepisset
1552 1901 1668 1937 cete-

205 1979 353 2021 rasque
385 1980 452 2009 res
481 1968 559 2009 huc
584 1971 838 2023 ,pertinentes
867 1971 1115 2023 posteriores
1142 1970 1340 2011 finxerunt
1367 1970 1669 2023 scriptorem—-

209 2040 327 2089 Quod
360 2041 508 2081 deinde
537 2042 811 2083 Democritum
844 2044 971 2096 ipsum
1003 2047 1208 2093 auctorem
1239 2054 1332 2083 esse
1363 2043 1569 2095 Diogenes
1601 2042 1669 2094 ait,

180 2172 182 2174 Ι
207 2124 253 2155 se
281 2111 453 2167 Μικρὸν
485 2112 728 2168 Διάκοσμον
757 2127 864 2156 anno
893 2119 983 2169 post
1012 2115 1157 2158 Troiae
1197 2114 1399 2157 excidium
1428 2114 1523 2173 730.
1556 2125 1669 2156 com-

204 2185 417 2239 posuisse,
456 2186 649 2227 indicium
678 2192 788 2229 esset
813 2189 911 2229 satis
939 2188 1094 2229 firmum
1134 2189 1278 2241 quippe
1314 2188 1365 2228 ab
1402 2188 1491 2241 ipso
1520 2187 1671 2231 Demo-

210 2258 313 2298 crito
343 2257 563 2311 prolatum,
602 2260 679 2301 nisi
722 2272 857 2301 aeram
886 2260 1098 2302 Troianam
1126 2253 1306 2302 veterum
1338 2261 1575 2313 scriptorum
1604 2259 1677 2300 alii-

208 2329 327 2370 aliam
369 2333 621 2383 statuerent,
660 2336 703 2372 ut
736 2344 853 2386 quam
883 2337 1044 2374 secutus
1084 2333 1137 2373 sit
1163 2333 1418 2374 Democritus
1446 2333 1514 2373 vix
1555 2332 1670 2385 quis-

211 2413 328 2455 quam
363 2401 504 2444 dicere
545 2415 652 2445 nunc
689 2407 830 2458 possit.
887 2398 1091 2448 Subducto
1121 2417 1175 2447 ex
1201 2404 1479 2452 Eratosthenis
1510 2404 1668 2457 quidem

212 2475 404 2528 opinione
452 2475 607 2518 calculo
639 2477 680 2518 in
727 2482 906 2519 nostram
934 2478 1156 2521 Democriti
1186 2477 1329 2519 aetatis
1362 2476 1670 2531 descriptionem

210 2558 295 2602 non
333 2547 501 2600 quadrat
542 2550 651 2603 quod
689 2551 776 2603 ipse
822 2551 872 2594 de
900 2552 1059 2608 Μικρῷ
1088 2548 1316 2606 Διακόσμῳ
1345 2550 1551 2602 professus
1582 2554 1671 2590 est:

210 2618 286 2668 sed
317 2619 455 2672 quidni
486 2620 655 2674 quadret
693 2621 892 2664 subducto
933 2634 986 2663 ex
1014 2620 1246 2664 Democriti>
1277 2621 1504 2676 opinione?
1559 2621 1673 2663 Hanc

210 2706 296 2735 rem
329 2704 449 2746 quum
479 2695 529 2735 ab
557 2695 644 2737 aliis
672 2700 753 2737 tum
784 2708 807 2737 a
834 2695 1048 2737 Mullachio
1079 2707 1169 2748 pag.
1201 2695 1268 2737 30.
1298 2700 1339 2737 et
1367 2707 1470 2749 quae
1498 2707 1680 2748 sequun··

210 2771 275 2810 tur
311 2766 441 2808 fusius
482 2768 704 2820 expositam
744 2768 869 2810 verbo
908 2768 1114 2810 indicasse
1158 2768 1256 2810 satis
1298 2773 1373 2810 est.
1443 2767 1583 2810 Mirum
1632 2768 1675 2809 in

212 2840 376 2882 modum
414 2840 655 2883 Meinersius
695 2853 854 2908 quoque
895 2847 936 2883 et
967 2842 1261 2897 Wesseiingius
1301 2841 1380 2882 hoc
1419 2852 1500 2882 uno
1521 2840 1677 2883 Laertii

209 2912 304 2956 loco
347 2905 686 2969 computationem
726 2927 840 2958 suam
868 2920 1005 2959 totam
1043 2916 1185 2959 fulcire
1230 2915 1459 2958 voluerunt
1487 2914 1673 2957 omnibus
