1871 3204
718 145 1078 193 —140—

157 246 171 266 ἱ

173 273 328 325 σθῆναι
350 307 361 326 ,
404 270 460 319 ὥς
500 264 605 323 ἄλλη
634 283 697 316 τις
727 267 909 323 ὀρθότης
939 265 1143 319 όνόματος
1171 262 1197 318 ἢ
1226 264 1412 321 ξυνθὴκη
1438 267 1513 309 καὶ
1536 264 1636 319 ὅμο..

174 345 307 397 λογία.
364 339 459 392 ἑμοί
483 338 566 393 γὰρ
596 340 741 390 δοκεῖ,
787 336 850 380 δ’τι
882 333 934 379 ἄν
967 339 1030 386 τίς
1055 354 1115 394 τῳ
1148 339 1276 390 θῆται
1311 331 1469 391 ὄνομα,
1512 339 1637 379 τοῦτο

171 412 278 458 εἶναι
306 411 352 455 τό
381 409 514 467 ὀρθόν
533 427 545 439 ·
602 409 676 452 καί
708 406 768 453 ’ἂν
798 405 926 460 αὖθίς
960 426 1005 465 γε
1034 411 1176 463 ἕτερον
1205 400 1470 463 μεταθῆται,
1504 410 1636 452 ἐκεῖνο

173 487 219 527 δὲ
245 484 394 538 μηκέτι
435 484 567 539 καλῇ,
610 477 735 525 οῦδὲν
768 475 893 536 ἧττον
937 479 982 524 τὸ
1017 478 1191 535 ’ὕστερον
1230 481 1369 534 ὀρθῶς
1411 477 1525 534 ἔχειν
1561 483 1636 521 τοῦ

167 559 399 609 προτέρου,
440 551 583 608 ὥσπερ
625 559 713 603 τοῖς
753 556 931 603 οἰκέταις
965 554 1085 610 ἡμεῖς
1126 549 1469 606 μετατιθέμεθα,
1512 553 1638 596 οὐδὲν

165 622 289 680 ἦττον
319 629 433 668 τοῦτ’
460 621 567 667 εἶναι
598 625 731 680 ὀρθὸν
758 624 803 668 τὸ
834 628 1061 679 μετατεθὲν
1088 627 1165 667 τοῦ
1195 622 1399 677 πρότερον
1428 625 1633 676 κειμένου·

163 699 214 740 ου’
239 696 318 751 γὰρ
352 696 483 753 φύσει
511 694 670 754 ἑκάστῳ
702 687 936 753 πεφυκέναι
981 692 1109 751 ὄνομα
1152 697 1275 739 οὐδὲν
1313 689 1479 748 addant,
1521 694 1627 736 α’λλιὶ

162 767 277 827 νόμῳ
305 772 378 811 κατ’
401 767 489 811 ἔθει
520 766 605 810 τῶν
633 766 869 810 ἐθισάντων
895 783 941 810 τε
983 768 1057 810 καί
1092 767 1341 813 καλούντων.
1377 767 1473 809 -Est
1510 768 1632 821 igitur

162 839 378 896 ὀνομάτων
408 839 590 896 ὀρθότης
622 852 679 882 ea
717 852 803 882 rem
833 841 944 882 inter¹
971 841 1112 894 reique
1141 853 1288 882 nomen
1321 841 1423 883 ratio
1452 841 1632 882 interce-

163 901 295 965 dens,
336 926 412 967 qua
453 925 615 955 nomen.
639 915 699 955 rei
741 916 966 955 conveniat.
1025 913 1140 956 Conf.
1178 915 1284 956 Crat.
1316 926 1408 969 pag.
1438 914 1533 955 422.
1563 914 1625 955 D:

163 986 290 1031 Ἀλλὰ
318 985 403 1042 μην
432 980 489 1028 ὧν
515 1001 561 1040 γε
592 975 666 1027 νῦν
695 983 1008 1042 διεληλύθαμεν
1037 988 1123 1028 τῶν
1150 986 1367 1039 ὄνομάτων
1391 986 1418 1041 ἦ
1449 984 1632 1042 σ’ρθότης

162 1057 338 1116 τοιαύτη
369 1075 434 1109 τις
465 1060 658 1118 ἐβούλετο
688 1055 813 1111 εἶναι,
843 1058 911 1100 οἵα
944 1059 1098 1114 δηλοῦν
1126 1053 1212 1100 οἷον
1242 1058 1415 1101 ἕκαστόν
1441 1058 1530 1101 ἔστι
1548 1059 1630 1101 τῶν

162 1126 306 1173 ὄντων.
363 1133 458 1187 Pag.
488 1129 585 1175 428.
615 1132 667 1172 E:
700 1129 937 1183 Ὀνόματος,
969 1133 1126 1187 φαμέν,
1156 1132 1340 1185 ὀρθότης
1366 1130 1481 1173 ἐστίν
1509 1126 1627 1188 αὕτη,

161 1199 253 1257 ἥτις
284 1205 510 1254 ἐνδείξεται
540 1198 628 1245 οἷόν
658 1204 748 1244 ἐστι
778 1200 822 1243 τὸ
852 1190 1039 1256 πρᾶγμα.
1071 1204 1224 1244 Eadem
1251 1204 1372 1257 igItur
1399 1208 1461 1244 est
1485 1215 1628 1257 gram-

162 1277 399 1316 maticorum
439 1280 617 1316 veterum
659 1276 865 1315 contentio
905 1261 993 1326 illa,
1030 1279 1162 1334 utrum
1197 1276 1257 1316 rei
1298 1276 1441 1328 cuique
1477 1286 1627 1315 nomen

158 1348 211 1388 sit
240 1345 368 1402 φύσει
409 1359 459 1388 an
493 1346 637 1403 νόμῳ,
681 1351 799 1400 atque
831 1346 957 1399 haec,
1001 1347 1051 1388 de
1093 1352 1240 1401 quaet
1274 1348 1315 1388 in
1351 1346 1511 1401 Cratylo
1540 1347 1635 1388 dis-·

161 1421 337 1461 sentiunt
367 1424 408 1460 et
438 1432 462 1460 a
492 1420 713 1473 Protagora
742 1419 883 1460 librum
913 1431 1005 1460 esse
1038 1420 1497 1473 conscriptum‘praeter
1524 1419 1626 1461 alios

162 1492 443 1538 Stallbaumius
482 1491 532 1534 ad
577 1492 682 1534 Crat.
715 1492 932 1546 pag-391.
964 1492 994 1533 C
1023 1496 1064 1533 et
1089 1492 1254 1545 praefat.
1285 1504 1378 1547 pag.
1411 1492 1486 1545 16,
1526 1492 1629 1535 Ler-

166 1565 305 1607 schius
336 1565 362 1606 1.
389 1564 414 1605 1.
445 1576 538 1618 pag.
574 1565 640 1606 18.
669 1569 709 1604 et
738 1576 776 1616 q.
809 1576 893 1617 seq.
913 1594 934 1615 ‚‚
967 1564 1200 1611 Dittrichius
1238 1564 1395 1619 Proleg.
1439 1564 1491 1605 ad
1533 1563 1628 1605 Plat.

166 1640 271 1680 Crat.
301 1649 393 1691 pag.
429 1637 495 1679 29.
526 1642 567 1678 et
597 1650 635 1690 q.
667 1644 780 1690 se'qq.
821 1637 1071 1691 collegerunt
1102 1650 1155 1678 ex
1181 1649 1274 1691 pag.
1310 1637 1407 1679 391.
1442 1637 1493 1678 B:
1528 1632 1629 1692 Ὀρ-

159 1710 320 1765 θοτοὶτη
348 1711 427 1762 μὲν
452 1710 760 1763 τῆςσκέψεως,
790 1703 826 1750 αἶ
851 1706 995 1762 ἑταῖρε
1013 1739 1026 1762 ,
1060 1708 1166 1761 μετὰ
1207 1709 1292 1752 τῶν
1325 1709 1628 1763 ἐπισταμένων,

155 1783 361 1838 χρήματα
389 1782 561 1832 ἐκείνοις
588 1782 789 1825 τελοῦντα
830 1784 902 1824 καί
930 1781 1112 1837 χάριτας
1151 1782 1500 1835 κατατιθέμενον.’
1534 1783 1629 1825 ἐἰσί

158 1855 208 1896 δὲ
246 1848 363 1897 οὗτοι
402 1851 440 1896 οἱ
481 1853 714 1910 σοφισταί,
758 1849 900 1936 οἷσπερ
922 1878 927 1884 ·
947 1855 1020 1896 καί
1048 1850 1070 1894 ὅ
1099 1851 1286 1910 α’δελφός
1323 1860 1400 1896 σου
1431 1849 1647 1904 Καλλίας

157 1925 292 1968 πολλὰ
335 1927 511 1975 τελέσας
548 1927 751 1980 χρήματα
792 1924 926 1982 σοφὸς
969 1927 1089 1967 δοκεῖ
1123 1922 1246 1971 εἶναι.
1303 1925 1447 1981 ἐπειδὴ
1478 1926 1524 1967 δὲ
1552 1926 1627 1967 ουἰι

160 1997 367 2053 ἐγκρατης
400 1996 441 2040 εἶ
464 1999 566 2039 τῶν
582 1996 818 2052 πατρώων,
866 2001 1060 2051 λιπαρεῖν
1096 2013 1181 2053 χρη
1223 1995 1295 2038 τὸν
1331 1995 1517 2053 α’δελφόν
1555 2013 1626 2039 και

161 2072 351 2112 δεῖσθαι·
361 2071 493 2112 αὐτοῦ
524 2070 695 2121 διδάξαι
719 2085 766 2111 σε
797 2068 873 2124 τήν
906 2068 1114 2125 ὀρθότητα
1153 2085 1249 2125 περι
1286 2071 1367 2112 τῶν
1402 2063 1623 2123 τοιούτων,

161 2159 214 2196 ην
246 2141 382 2195 ε’μαθε
413 2159 528 2196 παρα
559 2142 867 2197 Πρωταγόρου.
892 2167 945 2175 —
966 2142 1047 2185 Sed
1074 2147 1157 2184 tota
1188 2142 1305 2184 huius
1334 2142 1416 2183 loci
1444 2142 1623 2189 conditio

159 2215 250 2256 talis
279 2220 355 2267 est,
382 2220 425 2256 ut
457 2216 647 2257 temerius
673 2216 811 2270 egis'se
837 2215 1071 2269 videantur,
1092 2217 1160 2271 qui
1187 2229 1211 2258 a
1238 2216 1460 2270 Protagora
1491 2215 1626 2256 nomi-

159 2298 254 2327 num
294 2287 573 2328 rectitudinem
608 2292 817 2330 tractatam
849 2299 941 2329 esse
973 2288 1070 2330 inde
1100 2280 1378 2330 demonstrare
1405 2288 1625 2345 voluerint:

159 2360 260 2402 Nam
294 2371 376 2400 non
414 2361 501 2413 ipsa
532 2357 633 2413 περι
659 2357 876 2412 ὀνομάτων
904 2358 1132 2415 ὀρθότητος
1160 2360 1346 2402 doctrina
1376 2360 1621 2414 Protagorae

158 2431 357 2473 tribuitur.
416 2431 530 2473 Conf.
562 2444 673 2487 quae
696 2432 879 2492 proxime
915 2431 1195 2487 praecedunt:-
1233 2429 1322 2473 ΣΩ.
1371 2430 1537 2474 Ου’κοῦν
1571 2430 1624 2500 τό

95 2497 99 2500 ”
154 2502 261 2558 μετ-ἀ
281 2504 426 2545 τοῦτο
465 2502 569 2558 χρὴ
586 2506 746 2560 ζητεῖν,
786 2520 902 2558 ειπερ
942 2506 1167 2559 ἐπιθυμεῖς
1196 2505 1377 2559 ειδέναι,
1417 2520 1504 2558 ητις
1525 2495 1623 2547 ποτ’

158 2592 216 2617 av
250 2572 366 2617 ἑστιν
395 2575 532 2615 αι’τοῦ
560 2571 584 2629 ἦ
617 2572 811 2631 ὀρθότης.
867 2570 1013 2622 ΕΡΜ.
1049 2572 1181 2622 Ἀλλά
1215 2572 1300 2628 μήν
1341 2576 1542 2629 ε’πιθυμω
1575 2589 1623 2629 γε

155 2648 327 2690 εἰδέναι.
386 2646 475 2689 ΣΩ.
510 2647 662 2689 Σκόπει
687 2650 842 2702 τοίνυν.
901 2650 1048 2691 ΕΡΜ.
1077 2647 1187 2696 Πῶς
1215 2641 1289 2689 οὖν
1317 2645 1398 2702 χρὴ
1429 2651 1641 2699 σκοπεῖνς,

156 2720 453 2774 Hermogenem
481 2719 608 2774 igitur
636 2733 711 2774 qua
732 2722 889 2762 ratione
917 2718 1197 2775 inquirendum
1228 2720 1279 2761 sit
1307 2721 1623 2776 interrogantem

141 2792 206 2833 *ad
239 2791 660 2847 sophistasdelegat,
691 2793 757 2844 qui
787 2793 943 2833 scilicet
971 2784 1124 2834 rectam
1155 2791 1381 2846 inquirendi
1411 2797 1451 2833 et
1479 2792 1620 2845 dispu-

156 2864 277 2906 tandi·
306 2864 504 2907 rationem
546 2875 693 2920 magna
734 2864 937 2907 mercede
967 2865 1155 2907 doceant.
1219 2866 1352 2921 Atque.
1392 2863 1555 2908 Calliam
1592 2877 1620 2909 a
