1871 3204
750 127 1103 170 -180—

208 252 362 305 tetigit,
389 251 455 290 vix
479 253 573 301 puto
603 248 738 288 verbis
765 259 880 300 quam
909 248 1158 300 paucissimis
1183 242 1365 289 absoWit.
1424 249 1547 292 Immo
1574 262 1657 292 non

211 308 371 372 dubito,
407 321 498 374 quin
515 351 528 372 ‚
559 320 625 373 qui
652 321 815 373 gravius
848 320 1034 373 quodque
1063 319 1294 373 placitorum
1322 330 1485 362 suorum
1515 321 1657 365 litteris

209 393 442 443 tradiderit,
486 392 591 433 hauc
632 404 789 445 quoque
816 394 1054 433 sententiam
1084 393 1287 445 copiosius
1313 393 1504 434 tractarit.
1559 393 1660 435 Nam

209 465 380 506 Platonis
407 464 547 516 verba,
576 464 628 505 ad
647 476 748 517 quae
762 464 1010 505 Hermannus
1030 464 1205 517 respicit,
1227 458 1277 506 Ὠ
1302 468 1482 517 γενναῖοι
1511 464 1659 512 παῖδές

206 551 251 577 τε
280 535 354 576 καί
380 536 583 590 γέροντες,
614 537 883 590 δημηγορεῖτε
912 536 1263 590 ξυγκαθεζόμενοι
1290 532 1419 583 θεούς
1445 535 1578 583 τεείς
1605 531 1653 577 τό

206 607 335 660 μέσον
375 603 570 663 ἄγοντες,
608 605 680 657 οὓς
717 605 797 661 ἐγώ
838 605 884 649 ἔκ
925 623 969 649 τε
1010 610 1086 649 τοῦ
1114 609 1246 662 λέγειν
1277 608 1349 648 καί
1374 608 1452 649 τοῦ
1478 605 1660 662 γράφειν

202 681 302 733 περὶ
333 681 474 721 αὐτῶν
502 679 557 729 ὥς
587 678 693 723 stulu
727 675 755 733 ἢ
782 678 839 728 οἷς
869 681 943 721 οὐκ
980 681 1086 722 εἰσίν
1115 681 1267 734 ἐξαιρῶ
1284 681 1323 736 ff)
1359 680 1456 721 nihil
1501 679 1659 734 signifi-

208 764 305 793 care
343 756 511 805 possunt
538 752 615 794 nisi
645 752 805 804 „Quid‘?
844 764 919 794 vos
948 752 998 793 de
1027 753 1124 793 Deis
1154 757 1327 794 statuere
1354 752 1501 806 aliquid
1530 752 1659 793 aude-

182 825 283 876 tis,
326 825 377 865 de
416 824 558 877 quibus
600 826 699 865 certi
739 825 948 878 quicquam
981 824 1120 866 dicere
1147 836 1269 879 posse
1309 836 1387 880 ego
1426 835 1507 866 non
1549 824 1659 865 visus

207 907 293 938 sum
305 897 348 938 ‘?“
379 897 713 938 commentatione
743 896 898 938 scilicet
926 908 1029 950 mea,
1061 904 1137 951 qua
1164 896 1245 939 hoc
1269 901 1543 952 argumentum
1571 901 1658 938 tra-

208 972 328 1010 ctavi.
386 969 481 1011 Erat
511 970 615 1011 enim
648 969 861 1023 disputatio
890 969 1081 1022 brevior,
1125 980 1228 1023 quae
1270 969 1379 1012 haud
1416 971 1469 1012 ita
1509 980 1657 1024 magno

207 1044 399 1096 temporis
441 1044 569 1097 spatio
611 1045 774 1085 recitari
814 1047 953 1097 posset
992 1042 1091 1094 (vid.
1124 1054 1216 1098 pag.
1249 1043 1367 1095 75.),
1408 1055 1491 1085 non
1534 1047 1658 1084 totum

209 1116 417 1168 volumen,
448 1116 555 1170 quod
581 1116 830 1157 Hermannus
860 1116 1014 1169 opinari
1045 1115 1223 1157 videtur:
1264 1115 1489 1169 „Worfiber
1515 1116 1659 1157 Prota-

207 1201 331 1242 goras
360 1189 468 1230 wohl
498 1189 736 1230 schwerlich
781 1190 847 1229 ein
886 1201 1038 1242 ganzes
1069 1188 1178 1229 Buch
1215 1188 1483 1242 geschrieben
1523 1188 1657 1229 haben

208 1262 397 1303 konnte.“
454 1262 585 1315 Atque
614 1262 742 1315 planis
783 1262 915 1302 verbis
948 1262 1153 1315 Diogenes
1192 1261 1271 1302 duo
1307 1261 1432 1302 libros
1464 1261 1658 1302 discernit

207 1334 271 1376 lib.
306 1334 371 1376 IX.
407 1339 446 1384 §-
476 1335 556 1376 51:
597 1333 727 1377 Ἀλλὰ
769 1332 842 1375 καί
881 1328 1036 1387 ἤρξατό
1078 1348 1157 1375 που
1201 1334 1347 1375 τοῦτον
1386 1332 1456 1375 τὸν
1491 1332 1659 1386 τρόπον·

209 1408 416 1459 »Πάντων
457 1407 711 1461 χρημάτων(6
744 1411 784 1447 et
813 1419 849 1459 q.
879 1419 989 1460 seqq.
1020 1431 1075 1439 —-
1114 1404 1187 1447 καί
1218 1407 1408 1460 α’λλαχοῦ
1436 1407 1482 1448 δὲ
1515 1406 1662 1448 τοῦτον

210 1474 367 1534 ἤρξατο
397 1477 468 1520 τὸν
493 1476 656 1531 τρόπον·
714 1480 855 1531 »Περὶ
881 1481 959 1529 μὲν
986 1481 1120 1519 θεῶν“
1150 1483 1190 1519 et
1218 1491 1254 1531 q.
1285 1491 1396 1532 seqq.

327 1552 449 1592 Huius
479 1552 602 1605 igitur
628 1551 730 1603 libri,
761 1552 828 1604 qui
856 1551 1099 1605 Protagorae
1129 1552 1399 1592 accusationis
1429 1563 1551 1592 causa
1579 1551 1664 1608 fuit,

212 1626 337 1677 prima
369 1629 516 1664 tantum
549 1624 697 1675 verba,
740 1624 881 1677 quibus
911 1626 1031 1665 totius
1063 1636 1213 1666 summa
1243 1624 1550 1676 continebatur,
1585 1636 1664 1677 po-

212 1698 330 1738 steris
363 1695 507 1738 tradita
539 1699 656 1738 sunt:

923 1810 960 1850 2.

339 1909 492 1960 Περὶ
530 1910 633 1959 μὲν
671 1910 808 1949 θεῶν
851 1909 952 1949 ουίι
997 1906 1105 1962 ἔχω
1155 1908 1385 1964 εἰδέναξι
1433 1902 1547 1949 οὔθ’
1593 1906 1665 1955 ὥς

215 1977 358 2021 εἰσὶν
388 1973 501 2020 οὗθ’
533 1975 600 2029 αἷς
632 1979 726 2021 οὐκ
757 1980 917 2022 εἰσίν.
973 1979 1138 2021 πολλά
1167 1979 1267 2035 γάρ
1299 1981 1457 2037 [ἐστι]
1486 1976 1547 2021 τὰ
1577 1994 1667 2020 κω-

217 2051 422 2093 λύοντα
453 2053 681 2094 εἰδέναι·
739 2049 767 2107 ἥ
797 2068 847 2094 τε
875 2053 1145 2108 ἀδηλότης
1171 2053 1262 2094 καί
1288 2050 1515 2108 βραχύς
1544 2048 1613 2094 ὢν
1642 2050 1665 2093 ὅ

218 2123 338 2180 βίος
366 2128 457 2167 τοῦ
484 2123 797 2182 α’νθρώπου.

907 2257 975 2301 111.

670 2361 789 2427 Περὶ
823 2364 917 2411 τῶν
951 2363 1001 2410 ἐν
1029 2357 1217 2427 ‘'Atssov.

338 2478 457 2544 Diog.
485 2492 617 2533 Laert.
653 2492 720 2534 lib.
748 2492 816 2534 IX.
850 2501 888 2546 ς.
919 2494 985 2559 55.
1019 2494 1132 2544 ‚Quo
1166 2494 1218 2550 de
1249 2493 1396 2548 scripto
1426 2505 1514 2537 cum
1544 2507 1667 2550 prae-
1711 2514 1715 2516 -

225 2568 286 2605 ter
315 2574 463 2603 nomen
491 2564 584 2605 nihil
612 2565 795 2607 traditum
824 2566 900 2618 sit,
920 2567 1157 2614 ⁴Democriti
1185 2565 1325 2612 librum
1356 2567 1508 2609 eisdem
1535 2568 1670 2609 verbis

224 2636 479 2690 inscriptum,
521 2635 571 2676 de
601 2649 677 2690 quo
706 2639 790 2693 egit
817 2639 1045 2682 Mullachius
1074 2640 1260 2682 Democr.
1289 2639 1428 2694 fragm.
1457 2653 1549 2695 pag.
1580 2641 1672 2681 113.

317 2770 353 2818 ζ’)
379 2770 531 2805 Foedum
557 2755 820 2816 glossema'hoc
856 2774 934 2808 loco
955 2750 1132 2808 'detexisse
1168 2774 1232 2808 sibi
1259 2775 1394 2810 videtur
1419 2774 1672 2819 Stallbaumius,

223 2816 282 2863 qui
312 2823 399 2864 περὶ
438 2818 563 2855 αὐτῶν
600 2819 651 2859 ὥς
669 2823 765 2856 εἰσὶν
795 2820 814 2864 ἢ
839 2822 889 2861 ὥς
922 2821 990 2858 οὐκ
1027 2826 1123 2858 εἰσίν
1156 2822 1336 2857 delendum
1377 2828 1504 2857 censet.
1567 2826 1673 2859 Immo

222 2866 397 2910 aptissima
423 2867 479 2901 hic
502 2873 582 2903 sunt
604 2869 679 2913 ipsa
703 2867 909 2913 Protagorae
931 2870 1036 2905 verba
1064 2880 1107 2904 ex
1132 2869 1217 2905 libro
1243 2872 1317 2907 eius
1344 2871 1457 2905 citata.
