1871 3204
804 148 1001 195 ...14
1068 173 1129 182 .-

244 280 356 328 nent,
389 278 508 319 valde
536 277 641 318 inter
670 286 717 316 se
746 276 990 329 discrepant.
1048 275 1182 324 Quare
1216 285 1293 318 nos
1322 286 1375 318 ne
1402 274 1570 319 aliorum
1596 273 1709 318 salsis

242 351 451 393 sententiis
481 350 520 390 in
556 359 721 389 errores
749 345 998 398 inducamur,
1026 347 1160 389 omnia
1191 347 1359 401 primum
1389 358 1531 391 eorum
1559 347 1707 402 quide

243 426 319 465 hac
349 437 393 465 re
423 427 594 475 egerunt
621 422 727 462 dicta
756 433 1044 469 recenseamus
1073 425 1114 460 et
1141 420 1403 468 inusti-emm,
1430 425 1493 470 ut,
1525 420 1709 469 refutatis

244 508 345 550 quae
375 499 486 536 certa
518 495 761 535 auctoritate
791 497 956 545 carent,
984 487 1272 547 antiquissimis
1299 496 1342 534 et
1372 491 1612 547 tidedignis
1643 497 1709 548 te·-

243 569 438 609 stimoniis
468 570 554 609 veri
584 568 723 609 iudicii
754 567 1014 609 fundamenta
1042 567 1180 610 iacere
1208 568 1423 620 possimus.
1480 565 1576 611 Cum
1606 577 1706 607 vero

244 642 422 679 veterum
454 638 535 680 loci
573 640 792 681 ⁴maximam
823 643 976 692 partem
1016 637 1069 679 ad
1107 639 1248 679 mortis
1277 641 1430 691 tempus
1468 638 1711 691 pertineant,

240 712 407 762 primum
442 712 493 751 de
521 711 692 763 singulis
719 711 852 760 anuis,
881 710 1023 762 quibus
1047 721 1150 750 unus
1179 711 1348 762 quisque
1363 711 1539 755 virorum
1560 710 1710 758 docto-

238 795 325 823 rum
342 783 597 836 Protagoram
621 785 814 822 mortuum
833 791 927 821 esse
956 779 1070 832 dixit,
1099 780 1246 833 exponi
1275 771 1447 834 oportet.
1505 781 1596 835 Ipso
1629 793 1708 822 au-

227 860 318 903 ·tem
335 855 498 897 definito
517 855 650 900 obitus
667 849 775 895 anno
802 853 956 907 reliqua
986 853 1037 894 ad
1067 852 1172 902 ilium
1201 852 1321 895 facite
1351 859 1520 907 possunt
1549 854 1709 898 referri.

910 985 951 1031 §-
989 982 1025 1022 1.

347 1092 469 1133 Anno
497 1090 593 1133 410.
652 1092 910 1145 Protagoram
940 1096 1137 1133 mortuum
1165 1103 1259 1132 esse
1279 1093 1443 1145 primus,
1471 1103 1590 1145 quem
1604 1089 1707 1141 scio,

237 1166 380 1204 auctor
409 1164 558 1206 exstitit
586 1163 797 1213 Freretus,
836 1162 902 1215 qni
931 1163 1145 1204 Annalium
1176 1163 1422 1205 Academiae
1460 1164 1601 1218 regiae
1637 1153 1705 1204 in·-

236 1236 496 1289 scriptionum
517 1240 627 1277 tomo
657 1236 970 1290 quadragesimo
991 1237 1161 1290 septimo
1180 1237 1457 1291 quaestionem
1487 1247 1580 1289 „sur
1598 1235 1705 1289 l’age

238 1311 289 1350 de
320 1310 544 1365 Protagore
576 1313 617 1350 et
645 1308 681 1350 la
714 1309 806 1350 date
837 1310 888 1350 de
915 1322 959 1350 sa
992 1310 1326 1351 condamnation“
1358 1309 1495 1351 edidit.
1521 1330 1527 1345 ι
1554 1309 1703 1351 Locum

237 1385 436 1437 integrum
470 1382 678 1423 ascribere
722 1393 874 1435 operae
913 1383 1082 1436 pretium
1124 1382 1219 1423 duxi
1249 1383 1409 1424 omissis
1439 1394 1543 1441 quae
1574 1377 1703 1422 minus

237 1457 389 1497 faciunt
435 1455 487 1496 ad
536 1456 891 1496 demonstrationis
935 1460 1119 1496 tenorem
1162 1456 1319 1509 penitus
1364 1454 1700 1513 perspiciendum.

235 1529 447 1581 Postquam
478 1527 661 1568 Menonis
687 1526 819 1568 locum
852 1527 1008 1579 attulit,
1055 1539 1134 1583 quo
1162 1528 1548 1582 pius-quadraginta·
1573 1537 1703 1567 annos

236 1594 657 1655 sophisticaiii‘'”artem
695 1590 933 1643 exercuisse
973 1601 1236 1656 Protagoram
1270 1605 1390 1656 atque
1427 1605 1703 1655 septuagena-

235 1662 349 1734 riumv
370 1659 455 1715 fere
477 1662 676 1734 mortuum
703 1668 819 1715 ⁴esse?
830 1673 1124 1727 Piato''f‘'·i“i‘arra‘t
1152 1672 1245 1729 pag.
1271 1667 1338 1715 91'.
1371 1673 1425 1726 B,
1464 1669 1526 1714 his
1566 1668 1702 1714 verbis

234 1749 368 1803 pergit
394 1733 489 1800 pag.
521 1734 601 1787 977
620 1761 630 1786 :

362 1820 608 1871 „Protagore
652 1817 760 1857 avait
796 1816 862 1856 ete
903 1816 1068 1868 discipte
1110 1816 1161 1856 de
1204 1815 1461 1866 Democrite3
1510 1815 1611 1858 c’est
1645 1826 1701 1855 un

232 1892 343 1945 point
373 1903 442 1933 sur
469 1889 599 1944 lequel
630 1894 722 1931 tous
752 1888 812 1929 les
838 1888 1006 1929 anciens
1033 1892 1128 1929 sont
1159 1887 1378 1929 d'accord:
1410 1888 1516 1928 donc
1540 1887 1572 1928 vit
1604 1887 1701 1928 etait

233 1965 319 2017 ptus
339 1965 463 2017 jeune
493 1974 570 2016 que
598 1962 664 2003 lui.
723 1962 751 2002 tt
783 1961 905 2001 fattatt
934 1963 1063 2001 meme
1091 1960 1183 2012 qu’il
1211 1960 1249 2000 le
1277 1960 1336 2001 snt
1363 1963 1573 2012 beaucoup
1600 1960 1701 2013 ptus,

235 2038 403 2093 puisque
424 2035 653 2078 Democrite
682 2035 789 2075 avait
820 2029 1004 2088 employe
1033 2033 1069 2074 la
1100 2034 1298 2088 premiere
1325 2033 1453 2086 partie
1482 2032 1533 2073 de
1565 2044 1610 2073 sa
1633 2033 1699 2073 vie

237 2112 259 2149 a
288 2122 356 2150 ses
387 2120 570 2161 voyages
606 2107 706 2147 dans
737 2107 906 2147 t‘Orient
924 2137 935 2156 ‚
972 2111 1012 2146 et
1042 2106 1134 2158 qu'it
1163 2118 1217 2146 ne
1245 2108 1379 2147 revint
1408 2106 1430 2145 a
1460 2105 1625 2146 Abdere
1653 2117 1700 2146 sa

233 2182 361 2234 patrie
383 2193 460 2233 que
491 2180 592 2220 dans
621 2190 673 2219 un
702 2180 780 2231 age
806 2190 860 2219 un
891 2189 967 2231 peu
996 2178 1151 2218 avance
1170 2180 1234 2230 ὓ).
1292 2177 1472 2219 Diodore
1500 2177 1551 2218 de
1578 2177 1700 2219 Sicite

235 2258 422 2306 rapporte
465 2264 512 2292 sa
556 2255 661 2291 mort
700 2251 721 2289 a
762 2250 799 2290 la
837 2251 1035 2302 premiere
1077 2251 1209 2291 annee
1250 2251 1301 2290 de
1341 2251 1378 2290 la
1418 2251 1698 2303 quatrevingt-

235 2324 507 2378 ,quatorzieme
539 2322 766 2378 olympiade
784 2335 805 2374 3·
842 2322 1001 2363 Eusebe
1031 2322 1067 2362 ta
1097 2322 1213 2376 place
1241 2323 1341 2364 trois
1368 2333 1442 2363 ans
1465 2322 1552 2375 ptus
1581 2321 1697 2362 tard:

237 2396 315 2439 elle
344 2401 404 2436 est
434 2396 540 2436 donc
571 2395 623 2436 de
654 2395 733 2435 l’an
761 2393 845 2435 404
875 2405 929 2434 ου
960 2394 1011 2434 de
1033 2394 1117 2442 ,t'an
1145 2393 1253 2446 401,
1283 2395 1511 2436 anterieure
1541 2395 1592 2435 de
1620 2406 1699 2448 peu

333 2524 365 2568 ⁴¹)
389 2522 473 2565 „Les
498 2522 599 2566 longs
636 2532 793 2566 voyages
827 2521 871 2554 de
901 2521 1097 2564 Democriie
1121 2528 1200 2555 sont
1234 2524 1407 2564 certains;
1446 2524 1534 2557 mais
1564 2523 1590 2557 il
1622 2534 1644 2567 y
1676 2534 1696 2556 a
1728 2553 1730 2556 Α

234 2570 418 2611 beaucoup
443 2569 690 2612 d'apparence,
728 2569 863 2612 d'apres
895 2579 942 2601 un
964 2569 1140 2612 'fragment
1165 2569 1243 2601 d'un
1271 2570 1314 2603 de
1339 2580 1398 2603 aes
1423 2580 1593 2614 ouvrages
1617 2580 1701 2614 rap-

234 2618 335 2662 porte
369 2625 431 2660 par
465 2614 621 2649 Clement
645 2615 887 2650 d’Atexandrie
911 2616 1059 2650 Stromat
1093 2615 1118 2650 Ι.
1157 2621 1192 2649 et
1226 2627 1288 2661 par
1317 2616 1457 2652 Eusebe
1492 2617 1613 2663 Praep.
1642 2627 1697 2651 εν.

233 2666 275 2700 Χ.
301 2666 362 2705 2.,
394 2674 464 2707 que
498 2663 550 2696 les
582 2665 818 2707 quatrevingts
849 2674 910 2697 ans
941 2664 1024 2708 qu’il
1049 2675 1068 2697 a
1094 2665 1196 2707 passe
1221 2668 1302 2699 hors
1331 2665 1374 2699 de
1411 2676 1448 2699 sa
1481 2667 1591 2712 patric
1618 2671 1698 2699 sont

234 2722 304 2745 une
329 2712 501 2744 ancienne
526 2710 620 2742 faute
644 2710 686 2743 de
713 2712 868 2754 copiste‚
902 2715 936 2743 et
960 2710 1042 2754 qu’it
1077 2710 1150 2743 faut
1177 2711 1254 2745 direv
1281 2713 1355 2746 huit
1387 2722 1448 2745 ans
1471 2722 1516 2746 au
1544 2709 1624 2746 ‘lieu
1652 2711 1698 2744 de

234 2760 413 2800 inuitatum
440 2767 519 2797 car,
551 2761 650 2791 outre
673 2768 741 2802 que
766 2757 842 2793 cela
870 2767 914 2792 ne
942 2768 982 2793 se
1007 2763 1092 2803 peut
1118 2757 1250 2801 ajuster
1274 2769 1362 2795 avec
1384 2769 1519 2795 aucune
1547 2759 1699 2802 efflo—

234 2807 343 2852 logie,
370 2806 394 2840 il
428 2811 484 2839 est
507 2804 636 2838 visible
664 2806 746 2846 dans
773 2806 805 2839 le
829 2816 977 2850 passage
1001 2809 1113 2841 meme
1130 2807 1173 2840 de
1186 2807 1396 2851 Democrito,
1419 2807 1503 2853 qu'il
1527 2808 1629 2852 s'agit
1652 2807 1699 2841 du

236 2861 371 2899 temps,
408 2853 492 2900 qu’it
533 2862 552 2886 a
586 2854 689 2897 passe
728 2862 771 2884 en
802 2853 939 2898 Egypte
976 2864 1063 2887 avec
1098 2853 1149 2887 les
1189 2854 1453 2900 Arpedouaptes
1488 2864 1534 2888 ou
1573 2862 1697 2900 savan-

235 2902 279 2935 du
305 2909 422 2946 μηνί
