1871 3204
710 138 1038 184 ...23-

139 267 222 308 τῶν
246 265 528 318 τετρακοσίων
559 265 758 306 nominari
784 265 975 318 potuerit,
1002 268 1046 305 nt
1074 268 1141 306 aut
1170 263 1221 305 ab
1250 262 1341 305 aliis
1363 262 1600 316 Pythodoris

150 337 488 391 distingueretur,
528 341 594 378 aut
631 337 793 379 omnino
825 337 1068 394 indicaretur
1096 336 1223 390 qualis
1249 335 1315 377 ille
1345 335 1511 377 suisset:
1552 346 1604 374 ex

145 409 340 463 Diogenis
388 408 524 449 verbis
571 410 830 464 Protagoram
881 414 1111 451 accusatum
1158 421 1250 450 esse
1297 407 1603 462 quadringentis

142 482 427 535 imperantibus
468 485 579 523 certo
616 481 722 523 effici
752 483 899 535 nequit.
958 482 1149 523 Ceterum
1178 481 1319 522 confer
1349 481 1399 522 de
1430 480 1509 521 hoc
1539 479 1606 531 ¹0.-

145 565 195 595 co
223 559 291 604 §§.
322 556 361 595 5.
390 553 428 594 6.
462 558 502 595 et
532 554 569 594 7.
627 553 793 607 Insuper
821 566 843 594 a
876 555 1039 595 Frereto
1073 554 1191 594 etiam
1221 553 1605 607 quadringentorum

144 627 322 668 virorum
353 631 507 680 tempus
537 614 667 667 minus
694 630 807 667 recte
835 626 1052 667 indicatum
1080 630 1165 676 est,
1195 625 1246 666 de
1278 637 1356 678 quo
1386 625 1466 666 vid.
1496 632 1532 676 §.
1563 625 1604 665 5.

251 699 315 740 Ad
354 700 472 739 finem
516 699 689 752 denique
734 699 855 740 totius
897 698 1183 751 disquisitionis
1225 710 1353 751 pauca
1397 698 1507 738 addit
1547 697 1600 738 de

145 769 287 811 Ixione
314 770 553 824 Euripiden,
593 772 634 812 in
665 782 742 824 qua
770 771 1016 824 Protagorae
1042 775 1210 812 mortem
1239 770 1451 812 indicatam
1479 770 1606 810 fuisse

148 844 297 885 scimus
329 855 381 885 ex
405 845 590 899 Diogene
622 844 751 886 Laert.
781 843 848 885 lib.
868 843 935 887 IX.
966 844 1088 894 555.
1144 844 1302 886 Eorum·
1320 855 1473 886 summa
1502 842 1606 883 haec

149 920 236 957 est:
283 917 368 969 „Au
399 921 508 959 reste
549 929 651 958 nous
681 930 732 958 ne
762 929 911 959 savons
953 919 1041 959 rien
1084 917 1135 958 de
1165 917 1317 959 certain
1347 929 1417 958 sur
1445 916 1483 956 la
1510 915 1604 956 date

146 987 197 1028 de
228 989 252 1029 l’
266 989 394 1041 Ixion,
425 990 479 1031 ou
499 990 702 1044 Euripide,
727 987 888 1032 'comme
917 1002 1019 1032 nous
1048 989 1204 1031 l’avons
1234 989 1304 1041 dit,
1335 988 1407 1029 fait
1432 987 1603 1029 allusion

144 1061 169 1101 a
204 1060 242 1101 la
279 1066 385 1103 mort
424 1062 475 1103 de
515 1063 775 1116 Protagore.“
844 1062 962 1111 Quod
1003 1061 1161 1115 quidem
1203 1060 1312 1101 bene
1353 1071 1399 1100 se
1439 1059 1602 1100 habeat.

144 1133 225 1176 Sed
261 1134 311 1175 de
339 1139 421 1175 tota
439 1136 589 1176 Frereti
620 1128 854 1188 quaestione
888 1134 983 1187 quid
1014 1133 1272 1174 statuendum
1293 1133 1346 1173 sit
1375 1132 1455 1173 iam
1482 1143 1606 1183 nemo

142 1208 218 1247 erit
232 1211 325 1260 puto
341 1209 407 1260 qui
428 1208 614 1261 ambigat.
641 1208 803 1249 Duabus
818 1208 924 1248 enim
941 1205 1245 1247 demonstrandi
1272 1205 1347 1246 viis
1378 1205 1487 1246 idem
1518 1204 1605 1246 fere

139 1284 372 1320 assecutum
395 1292 439 1320 se
468 1281 679 1333 opinatur,
722 1290 886 1332 quarum
916 1278 1080 1319 alteram
1109 1278 1224 1319 iustis
1255 1277 1501 1332 argumentis
1531 1289 1606 1318 ca-

141 1364 235 1392 rere
262 1363 394 1404 neque
425 1352 475 1392 ab
506 1352 596 1405 ipso
626 1351 762 1406 magni
793 1351 935 1392 haberi
965 1356 1156 1405 apparet,
1186 1350 1310 1392 altera
1337 1362 1478 1392 errore
1506 1350 1604 1391 niti-

142 1427 207 1464 tur
226 1424 452 1464 manifesto.
494 1423 575 1466 Sed
606 1424 835 1478 diligentius
854 1424 1007 1469 Frereti
1037 1424 1216 1465 rationes
1246 1427 1421 1464 tractare
1451 1434 1601 1476 operae

143 1496 312 1549 pretium
345 1495 464 1547 duxi,
495 1508 612 1550 cum,
640 1500 684 1537 ut
713 1495 763 1537 de
798 1495 887 1536 aliis
914 1500 1094 1547 taceam,
1112 1501 1144 1537 'a
1171 1496 1279 1547 viro,
1311 1496 1422 1536 cuius
1455 1506 1601 1548 magna

146 1573 208 1610 est
228 1570 458 1624 auctoritas,
479 1581 725 1623 magnopere
737 1568 1136 1624 laudatasssvidissem,
1157 1569 1201 1609 C.
1212 1569 1273 1609 Fr.
1290 1569 1531 1610 Hermanno.
1563 1568 1602 1610 Is

149 1643 253 1682 enim
282 1642 321 1682 in
346 1642 651 1683 Zimmermanni
676 1642 905 1683 Diariorum
935 1641 1151 1691 (Zeitschr.
1173 1641 1200 1684 f.
1223 1640 1603 1693 Alterthumswiss.)

149 1718 258 1755 tomo
278 1715 306 1754 1.
338 1726 444 1754 anno
478 1715 598 1758 1834.
629 1714 738 1754 edito
768 1714 945 1754 Herbstii
977 1713 1148 1754 libellum
1182 1725 1355 1755 censens
1384 1725 1476 1767 pag.
1507 1713 1603 1755 363.

146 1785 385 1839 „Clintons“‚
402 1787 541 1839 inquit,
560 1785 864 1839 „Berechnung‚
878 1826 887 1837 χ
895 1785 959 1827 die
971 1785 1213 1840 Protagoras
1226 1786 1312 1827 Tod
1328 1786 1391 1827 ins
1402 1785 1501 1827 Jahr
1520 1782 1604 1826 404

139 1863 256 1911 setzt‚
290 1871 374 1901 war
403 1858 557 1899 freilich
586 1858 704 1899 kaum
735 1858 810 1899 der
836 1859 1230 1913 Berficksichtigung
1260 1858 1400 1900 worth.
1460 1859 1602 1912 Dage-

137 1946 218 1989 gen
252 1934 319 1974 hat
349 1934 485 1974 Freret
527 1933 674 1973 bereits
714 1931 786 1972 das
812 1931 911 1972 Jahr
940 1930 1024 1973 410
1061 1931 1134 1973 auf
1168 1944 1217 1973 so
1247 1931 1470 1974 naturliche
1516 1931 1600 1973 und

135 2006 318 2061 gesunde
346 2007 485 2047 Weise
518 2004 853 2058 herausgestelit‚
898 2004 992 2044 dass
1033 2005 1108 2045 wir
1147 2005 1220 2046 auf
1252 2006 1366 2047 seine
1396 2004 1599 2046 Widerle-

136 2091 248 2132 gung
278 2078 403 2119 durch
433 2078 561 2118 Herrn
582 2077 726 2117 Herbst
756 2075 851 2116 sehr
877 2081 1076 2129 gespannt
1104 2080 1280 2117 waren.“
1337 2077 1455 2118 Adde
1487 2077 1600 2118 eius-

137 2151 226 2190 dem
268 2151 405 2191 histor.
444 2150 587 2203 philos.
620 2150 714 2189 Plat.
753 2153 848 2189 tom.
878 2148 908 2188 Ι.
939 2160 1030 2202 pag.
1058 2149 1140 2190 48:
1188 2149 1324 2202 „Doch
1358 2150 1506 2203 glaube
1534 2150 1600 2191 ich

134 2223 205 2263 mit
235 2222 466 2263 ziemlicher
496 2220 720 2263 Sicherheit
749 2219 823 2261 der
852 2220 1076 2275 Rechnung
1108 2233 1186 2262 von
1215 2216 1355 2263 Freret¹
1383 2223 1520 2277 fotgen
1550 2234 1601 2263 zu

138 2295 295 2347 durfem
324 2294 495 2336 wonach
511 2294 599 2334 sein
615 2292 699 2333 Tod
728 2293 881 2334 bereits
908 2293 971 2333 ins
982 2292 1080 2334 Jahr
1094 2294 1176 2335 410
1195 2307 1268 2335 vor
1285 2294 1462 2336 Christus
1482 2295 1601 2336 fatlt.“

801 2419 846 2465 §-
880 2417 918 2458 2.

223 2514 336 2564 Quae
349 2515 521 2556 lacobus
535 2514 694 2556 Geelius
721 2514 761 2554 in
794 2513 962 2556 historia
983 2517 1125 2558 critica
1145 2516 1414 2570 sophistarum
1435 2517 1485 2557 de
1498 2518 1596 2558 Pro-

135 2592 304 2641 tagorae
322 2593 454 2629 aetate
483 2589 654 2638 disserit,
681 2588 720 2627 in
737 2599 787 2627 eo
804 2588 963 2640 quidem
981 2602 1069 2630 cum
1087 2590 1241 2631 Frereti
1260 2591 1599 2631 commentatione

138 2664 377 2714 congruunt,
404 2660 510 2713 quod
529 2660 747 2714 sophistam
772 2659 858 2712 ipse
875 2672 1037 2715 quoque
1052 2674 1159 2703 anno
1179 2663 1271 2704 410.
1286 2668 1480 2703 mortuum
1513 2666 1600 2703 sta-

133 2734 227 2785 tuit;
248 2732 321 2773 sed
340 2733 455 2773 aliam
473 2733 558 2773 iniit
573 2732 871 2774 demonstrandi
898 2735 1018 2786 viam,
1031 2748 1133 2789 quae
1150 2736 1300 2777 Frereti
1318 2735 1598 2776 ratiocinatio-

139 2817 232 2846 nem
244 2806 405 2846 levitate
420 2806 538 2846 etiam
555 2811 725 2859 superat.
744 2805 842 2847 Nam
858 2805 985 2849 Geelii
1004 2809 1250 2863 argumentis
1262 2808 1446 2862 praviora
1464 2809 1601 2849 omni-

140 2889 218 2930 que
237 2879 395 2920 ratione
415 2879 545 2933 magis
566 2878 749 2920 destituta
768 2878 835 2919 vix
855 2881 1078 2935 excogitari
1100 2884 1277 2934 possunt.
1307 2879 1423 2928 Quod
1440 2879 1602 2933 quidem
