1871 3204
852 99 1144 144 -8-

264 222 388 267 ,attuli
417 221 663 277 aequalibus,
692 234 862 274 eamque
894 224 1124 275 opinionem
1155 224 1428 277 pervulgatam
1468 229 1561 265 tunc
1590 225 1749 277 iateque

269 295 453 336 diffusam
497 294 633 334 fuisse.
709 293 843 343 Quare
892 294 1089 348 plerique,
1114 296 1386 350 recentiorum
1432 309 1455 338 a
1503 282 1741 341 Philostrato
1791 323 1793 325 »

269 368 529 426 Protggoram
570 377 658 407 cuin
688 365 921 406 Democrito
963 370 1226 419 permutatum
1262 378 1355 410 esse
1401 356 1653 422 statuerunt,
1695 374 1738 413 ut

271 440 498 482 Bruckerus
531 439 672 485 histor.
707 439 794 480 crit.
837 438 977 493 philos.
1011 445 1106 484 tom.
1135 441 1164 481 1.
1197 453 1234 495 p.
1266 440 1396 493 1202,
1436 441 1642 484 Har-tesius
1681 442 1732 484 ad

267 512 439 554 Fabricii
465 511 648 564 biblioth.
678 527 739 570 gr.
771 518 866 555 tom.
898 513 944 555 11.
975 526 1068 567 pag.
1095 513 1193 565 669,
1222 514 1381 555 Geelius
1408 526 1502 567 pag.
1535 515 1604 566 70,
1634 517 1734 559 Gei-

263 585 360 625 stius
392 568 485 638 pag.
521 587 567 626 11
587 616 599 636 ,
624 586 668 627 C.
696 587 758 628 Fr.
790 587 1041 627 Hermannus
1071 586 1137 627 lib.
1168 586 1320 640 Ispag.
1352 586 1447 628 510.
1482 590 1620 627 annot.
1655 588 1724 628 30.

267 656 405 708 Neque
442 656 787 710 dubitaripotest,
815 659 907 710 quin
925 668 1061 698 rumor
1087 657 1152 698 iile
1174 658 1225 698 de
1239 658 1459 714 Democriti
1491 672 1578 702 cum
1604 661 1735 712 magis

265 729 561 770 consuetudine
590 729 792 781 patrisque
823 740 912 768 cum
944 728 1282 782 Persarum.rege
1313 729 1484 772 amicitia
1513 730 1554 772 in
1588 730 1731 784 vulgus

267 804 365 841 tunc
410 801 602 852 temporis
647 804 764 854 notus
808 800 943 840 animo
976 800 1213 842 obversatus
1253 801 1305 841 sit
1333 801 1560 842 Philostrati
1588 802 1733 843 Prota-

264 884 393 926 gorae
423 874 543 913 vitam
563 872 812 922 scribentis,
839 877 882 913 et
914 873 1108 914 memoria
1136 875 1170 913 is
1195 872 1330 926 lapsus
1361 874 1412 914 de
1440 872 1520 914 hoc
1549 871 1732 927 scripse-

264 945 342 995 rit,
381 945 489 998 quod
531 946 655 986 ceteri
687 945 736 985 de
768 944 849 985 ilio.
908 945 989 986 Sed
1030 957 1123 987 nuni
1167 958 1263 987 vera
1303 947 1354 987 sit
1392 947 1615 990 communis
1653 948 1729 990 ista

266 1018 508 1071 scriptorum
539 1018 590 1058 de
620 1019 852 1059 Democrito
892 1019 1072 1059 narratio
1111 1031 1269 1069 necne,
1309 1020 1385 1060 aiia
1426 1024 1490 1060 est
1532 1021 1728 1073 quaestio.

265 1091 315 1131 Et
344 1091 497 1144 pridem
530 1092 636 1132 enim
667 1092 842 1143 fuerunt,
869 1093 936 1145 qui
964 1104 1111 1132 meram
1144 1092 1327 1132 dicerent
1355 1092 1544 1143 fabulam,
1575 1099 1614 1134 et
1640 1098 1732 1135 sunt

267 1164 386 1203 etiam
417 1175 536 1203 nunc.
578 1163 890 1215 Tiedemannus,
922 1164 985 1204 eui
1012 1165 1088 1204 iam
1114 1163 1410 1217 Hambcrgerus
1428 1164 1731 1219 (Zuveriassige

265 1234 533 1275 Nachrichten
553 1266 565 1285 ,
613 1238 708 1275 tom.
740 1234 768 1275 t.
803 1248 897 1288 pag.
934 1236 1023 1277 190.
1053 1240 1093 1276 et
1119 1249 1157 1288 q.
1188 1234 1325 1287 seqq.)
1356 1236 1460 1276 viam
1489 1236 1732 1287 praeiverat,

265 1305 357 1345 iibri
389 1307 501 1346 Geist
532 1292 606 1346 der
638 1306 912 1359 speculativen
949 1306 1203 1359 Philosophie
1242 1307 1423 1359 inscripti
1453 1311 1546 1346 tom.
1579 1306 1608 1347 l.
1639 1319 1730 1360 pag.

265 1357 362 1420 9‘63.
418 1377 515 1428 „Um
555 1376 620 1418 die
650 1378 716 1419 72.
746 1378 1004 1432 Olympiade“
1020 1410 1032 1430 ,
1064 1379 1219 1431 inquit,
1248 1379 1383 1430 „ward
1415 1378 1622 1419 Demokrit
1651 1390 1731 1431 ge-

263 1450 395 1490 boren
440 1451 482 1490 in
522 1449 611 1490 dem
643 1463 795 1505 wegen
826 1451 1064 1493 Aibernheit
1099 1451 1179 1492 und
1211 1450 1437 1491 Dummheit
1479 1452 1616 1491 seiner
1647 1454 1728 1492 Be-

263 1520 434 1562 wohner
477 1512 669 1564 nachher'
697 1535 745 1564 so
792 1524 1072 1578 berfiehtigten
1117 1524 1295 1564 Abdera.
1368 1524 1547 1565 Frfihere
1593 1524 1730 1565 Zeiten

263 1594 413 1634 wissen
444 1606 524 1635 von
558 1594 712 1635 diesem
742 1595 1060 1641 Nationalsehler
1092 1593 1249 1635 nichts:
1288 1594 1630 1645 Herodot,‘ohne
1656 1607 1732 1635 nur

262 1667 438 1707 entl'ernt
477 1667 625 1707 darauf
649 1668 940 1719 anzuspielen,
980 1668 1049 1707 hat
1090 1666 1167 1706 den
1211 1667 1401 1723 witzigen
1431 1665 1576 1726 Einfall
1606 1667 1731 1707 eines

262 1738 486 1779 Abderiten
534 1739 601 1780 bei
648 1739 913 1793 Gelegenheit
957 1739 1030 1780 des
1071 1738 1306 1792 persischen
1351 1738 1614 1792 Durchzuges
1657 1739 1734 1785 der

262 1810 594 1865 Auibewahrung
634 1810 747 1851 nieht
793 1811 973 1853 unwerth
1020 1811 1240 1864 gei'unden.
1314 1809 1428 1851 Noch
1469 1809 1611 1850 mehr:
1659 1810 1733 1855 das

264 1882 389 1923 durch
423 1882 501 1923 den
520 1883 645 1937 Krieg
671 1872 740 1924 mit
757 1883 884 1937 Cyrus
909 1883 1161 1925 entvotkerte
1190 1882 1355 1924 Abdera
1386 1895 1472 1924 war
1501 1882 1571 1926 mit
1600 1895 1732 1924 neuen

262 1955 541 1997 Einwohnern
570 1968 643 1997 aus
674 1956 793 2008 Teos,
824 1956 1067 1997 Anakreons
1091 1956 1368 2006 Geburtsorte,
1400 1954 1554 1995 wieder
1581 1954 1734 1995 besetzt

263 2028 456 2080 worden,
492 2029 687 2070 wodurch
719 2030 758 2069 in
802 2029 917 2070 diese
957 2029 1209 2084 abgelegene
1243 2029 1412 2082 Gegend
1444 2026 1734 2086 zweii'eisohne

262 2101 435 2142 Streben
477 2102 582 2144 nach
622 2102 805 2143 hoheren
841 2102 1112 2143 Kenntnissen
1151 2100 1348 2154 gebracht
1379 2100 1537 2140 ¹wurde.
1595 2099 1733 2140 Daher

265 2174 318 2214 ist
345 2173 457 2213 nicht
486 2172 610 2223 Noth,
641 2174 712 2213 mit
735 2172 939 2227 jiingeren
969 2170 1283 2215 Schriitstellern
1314 2184 1365 2213 zu
1396 2170 1622 2212 Chaldaern
1650 2170 1732 2211 und

261 2245 443 2298 Magicrn
477 2246 592 2287 scine
625 2245 805 2289 Zuflucht
837 2257 886 2285 zu
917 2245 1111 2295 nehmen,
1142 2245 1276 2286 umin
1307 2234 1516 2285 Demokrit
1544 2243 1734 2294 Wissbe-

263 2317 406 2370 gierde
446 2317 624 2358 hoherer
654 2318 728 2372 Art
766 2315 997 2356 entzfinden
1030 2327 1080 2356 zu
1118 2314 1290 2356 iassen.“
1350 2314 1532 2363 Quocum
1573 2317 1735 2366 praeter

266 2388 367 2431 alios
395 2391 599 2432 consentit
627 2389 891 2439 MuliachiuS,
935 2389 1000 2441 qui
1030 2388 1250 2430 Democriti
1283 2386 1597 2440 fragmentorum
1642 2385 1736 2430 edi-

265 2462 391 2503 tionis
419 2475 509 2517 pag.
532 2463 597 2505 29.
623 2463 675 2504 de
705 2464 783 2503 hac
812 2474 856 2503 re
888 2462 942 2503 ita
971 2461 1143 2503 iudicat:
1175 2462 1253 2513 „At
1279 2461 1496 2515 largiamur
1511 2457 1736 2510 Bruckero‚

266 2534 372 2575 salso
403 2535 484 2576 hoc
514 2536 565 2577 de
593 2537 813 2590 Protagora
842 2536 1028 2587 narrari,
1064 2535 1289 2591 quanquam
1318 2546 1513 2589 negamus
1543 2531 1736 2574 confundi

267 2609 352 2658 hic,
384 2612 426 2648 ut
454 2607 520 2647 iiie
550 2610 644 2660 vuit,
673 2610 947 2651 Democritum
973 2614 1013 2650 et
1032 2610 1309 2663 Protagoram,
1336 2607 1523 2661 quoniam
1545 2604 1737 2660 quidquid

266 2680 347 2722 hoc
377 2681 439 2721 rei
471 2684 533 2720 est
567 2682 618 2721 ad
650 2681 803 2724 fabuta‘s
833 2684 1036 2736 pertinere
1065 2682 1184 2724 nobis
1213 2681 1521 2734 persuasinius.“
1577 2678 1666 2732 Ego
1694 2682 1737 2731 ut

268 2753 450 2795 eiusdem
494 2755 719 2794 sententiae
765 2768 787 2795 a
828 2755 1042 2797 Muilachio
1084 2767 1175 2809 pag.
1207 2754 1273 2796 38.
1317 2758 1358 2793 et
1395 2765 1433 2806 q.
1471 2763 1583 2805 seqq¹
1628 2748 1735 2792 adeo

269 2826 555 2882 confirmatae,
592 2830 637 2869 ut
665 2826 795 2870 nultus
826 2828 905 2870 iam
934 2828 1048 2872 iocus
1089 2828 1140 2870 sit
1176 2824 1441 2880 dubitationi,
1484 2824 1639 2870 socium
1668 2834 1733 2864 me
