1871 3204
822 124 1181 167 -130—

838 346 1044 380 cumr
1077 343 1176 378 ιιι.
1192 355 1195 362 ³
1262 389 1270 396 ..

411 456 491 497 Sed
545 457 675 497 aliam*
711 467 888 509 quoque·
918 456 1138 496 studiorum
1185 454 1536 508 grammaticorum
1566 458 1734 506 partem

272 531 518 584 Protagoras
545 528 743 570 tractabat
771 529 930 570 ratione
970 540 1051 569 non
1090 528 1220 569 minus
1260 519 1378 568 nova
1437 526 1587 574 Primus
1627 527 1732 566 enim

269 605 306 642 is
353 603 409 641 in„
442 602 657 641 verborum
706 602 859 640 formas
901 601 1117 653 inquisivit.
1195 600 1339 653 Atque.
1372 598 1434 638 de*
1468 590 1731 652 nominum

268 675 589 730 generibus
624 675 883 728 >potissimum
916 674 1157 732 disputabat.
1187 692 1189 694 >
1235 673 1378 721 Omnia
1421 673 1527 713 enim
1568 672 1732 729 nomina

269 759 364 788 esse
396 747 532 787 statuit
563 751 631 786 aut
679 742 839 799 ἄρρενα
884 751 951 786 aut
987 743 1120 799 θήλεα
1154 750 1220 786 aut
1247 741 1387 799 σκεύη.
1444 743 1532 784 vid.
1563 737 1729 784 Aristot.

267 820 433 862 Rhetor.
463 818 530 860 lib.
559 817 625 860 111.
660 830 746 872 cap.
773 819 808 859 5.
847 822 963 869 (tom.
986 818 1032 859 ll.
1067 830 1159 872 pag.
1183 818 1302 860 1407.
1334 817 1509 867 Bekk.):
1541 819 1730 869 Πρωτα-

267 891 399 946 γόρας
424 893 495 931 -τοὶ
539 891 638 944 γένη
678 894 763 932 τῶν
804 891 1023 943 ὀνομάτων
1069 891 1204 946 διῄρει
1228 924 1239 944 ‚
1284 885 1442 944 ἄρρενα
1484 886 1557 929 ’καί
1594 890 1729 942 θήλεα

268 967 339 1007 καὶ
378 964 520 1020 σκεύη.
580 965 650 1006 δεῖ
673 962 755 1020 γὰρ
798 961 1049 1006 α’ποδιδόναι
1095 966 1168 1005 καί
1206 965 1342 1006 ταῦτα
1382 963 1543 1018 ὀρθῶς·
1612 962 1658 1017 „²3
1691 963 1730 1004 δ’

269 1038 457 1078 ἐλθοῦσα
498 1039 570 1078 καί
603 1039 886 1090 διαλεχθεῖσα
919 1031 1086 1094 ᾧχετο“.
1148 1036 1303 1077 Deinde
1334 1036 1439 1077 alias
1469 1048 1611 1076 vocum
1644 1039 1732 1077 ter-

271 1111 512 1151 minationes
542 1110 771 1152 masculinis
805 1111 934 1160 magis
966 1111 1149 1165 proprias
1179 1122 1271 1151 esse
1308 1110 1572 1159 observabat,
1604 1099 1730 1158 ut’o‹;‚

270 1198 334 1233 ας,
364 1198 441 1235 ωρ,
473 1183 572 1223 alias
603 1182 821 1232 femininis,
850 1187 891 1223 ut
923 1199 959 1236 η,
991 1201 1031 1234 α,
1061 1197 1181 1223 awa:
1202 1182 1252 1222 de
1281 1193 1360 1236 quo
1381 1182 1458 1222 vid.
1479 1180 1685 1234 Aristoph.
1704 1180 1727 1220 l.

270 1256 375 1295 infra
410 1256 490 1296 ind.
925 1240 929 1243 ι
1023 1263 1026 1265 ’
1612 1292 1620 1300 ,

350 1328 433 1368 Nec
460 1339 559 1368 vero
586 1328 652 1368 hic
681 1327 823 1381 pedem
851 1328 1000 1368 sistens
1023 1327 1312 1381 disquisivit'de
1326 1327 1577 1367 diversorum
1599 1337 1725 1379 gene-

265 1413 353 1442 rum
369 1402 540 1455 origine.
570 1402 659 1450 Quo
677 1402 823 1442 factum
842 1408 903 1442 est
922 1406 963 1442 ut
992 1402 1244 1455 intelligeret,
1277 1414 1359 1442 non
1375 1413 1467 1441 esse
1487 1401 1631 1452 cuique
1649 1411 1730 1439 noa

267 1473 364 1512 mini
379 1473 420 1513 id
436 1484 566 1525 genus
583 1472 745 1526 linguae
765 1485 840 1512 usu
869 1473 1139 1522 constitutum,
1170 1472 1291 1525 quod,
1320 1473 1353 1512 si
1371 1472 1612 1525 significatio
1643 1472 1730 1511 eius

273 1549 539 1599 spectaretur,
555 1544 611 1586 illi
628 1557 673 1586 re
690 1556 786 1586 vera
810 1538 1058 1588 conveniret.
1089 1546 1327 1585 Animalium
1347 1546 1451 1585 enim
1472 1545 1637 1585 marium
1656 1555 1736 1584 no-

269 1619 441 1659 minibus
465 1617 685 1658 convenire
698 1623 829 1671 genus
845 1617 1145 1674 masculipumy
1162 1617 1443 1658 femininorum
1475 1616 1731 1666 femininum

269 1703 400 1732 rerum
417 1691 496 1731 vita
510 1690 684 1744 ideoque
701 1702 801 1731 sexu
820 1691 1056 1743 carentium,
1075 1697 1177 1744 quae
1192 1690 1353 1731 dicebat
1370 1688 1422 1731 τά
1442 1689 1582 1743 σκεύη,
1601 1701 1731 1743 neque

267 1764 530 1804 masculinum
550 1776 681 1816 neque
698 1763 928 1804 femininum
951 1776 1087 1817 vgenus
1107 1775 1201 1804 esse
1221 1764 1446 1816 proprium:
1479 1747 1740 1803 nihilominus

269 1837 310 1877 in
326 1835 479 1877 illarum
498 1847 656 1889 quoque
672 1836 831 1877 nomina
846 1836 1221 1890 saepealterutrum'
1230 1849 1360 1891 genus
1377 1849 1471 1878 esse
1487 1836 1732 1888 translatum,

270 1910 323 1949 ita
357 1910 530 1961 quidem,
558 1914 600 1949 ut
631 1921 734 1961 quae
763 1903 924 1950 nomina
956 1922 1024 1950 res
1047 1910 1326 1963 significarent
1359 1922 1552 1962 magnas,
1584 1910 1733 1961 firmas,

269 1994 443 2036 graves,
484 1982 659 2024 fortasse
688 1984 805 2024 etiam
837 1994 939 2036 quae
971 1983 1021 2024 ad
1037 1985 1164 2029 ‚viros
1193 1984 1441 2037 potissimum
1474 1984 1732 2036 pertinerent,

268 2057 327 2095 cis
360 2056 610 2095 tribueretun
641 2066 771 2115 genus
803 2057 1101 2105 -masculinum3
1147 2068 1250 2109 quae
1282 2067 1379 2096 vero
1419 2055 1594 2095 leviores
1640 2063 1732 2096 mu-

269 2129 490 2181 lierumque
512 2128 640 2182 magis
668 2133 838 2169 naturae
869 2129 1032 2179 similes,
1065 2125 1310 2169 femininum.
1367 2128 1585 2182 Masculina
1615 2129 1735 2183 igitur

272 2202 356 2241 iure
386 2213 479 2242 esse
513 2199 652 2254 ἆνὴῤ,
691 2199 827 2255 Ζεύς,
867 2199 1149 2252 Κλεώνυμος,
1192 2201 1393 2254 ποιητής,
1426 2200 1590 2254 πατήρ,
1627 2198 1733 2251 υἱός,

271 2274 397 2324 λέων,
437 2275 569 2328 etiam·
593 2271 811 2329 ποταμός,’
836 2273 1035 2321 σκόπελος
1052 2307 1062 2325 ,
1093 2274 1242 2328 πόνος,
1267 2269 1402 2332 ·ῧῃνος
1423 2260 1566 2325 ‚hum
1613 2273 1733 2315 femi-

274 2347 367 2385 nina
396 2344 527 2399 γυνή,
551 2341 686 2401 ‘'Hpa‘,
709 2345 873 2401 μήτηρ,
902 2343 1103 2401 θυγάτηρ,
1135 2348 1280 2388 λέαινα
1299 2378 1310 2398 ,
1341 2346 1597 2404 necnon-713,
1629 2343 1737 2400 φόρ-

272 2413 371 2470 μιγξ
391 2449 402 2469 ,
447 2423 627 2472 χλαῖνα,
661 2421 837 2472 κνίσσα,
885 2418 1039 2474 λάχνη,
1084 2419 1284 2471 multaque
1316 2418 1407 2458 alia.
1464 2418 1544 2459 Sed
1574 2430 1756 2460 errasse·
1787 2406 1789 2408 Ι

274 2492 437 2544 linguae
458 2504 583 2552 usum,
607 2493 715 2546 quod
745 2493 883 2547 μῆνις,
913 2493 1055 2547 πήληξ,
1086 2492 1179 2543 alia,
1212 2491 1400 2531 feminina
1431 2491 1618 2533 fecisset:
1648 2504 1739 2532 ma-

270 2563 426 2604 sculina
473 2567 602 2602 autem
630 2564 725 2617 γᾴος
758 2569 798 2604 et
827 2576 930 2617 quae
960 2568 1051 2605 sunt
1081 2563 1238 2604 similia.
1297 2563 1408 2611 Quae
1438 2576 1536 2604 vero
1568 2564 1736 2605 dicimus

218 2680 225 2689 ,
270 2648 363 2677 esse
396 2635 562 2689 generis
594 2639 839 2688 communis,
876 2649 925 2678 ea
953 2638 994 2677 in'
1022 2635 1083 2677 rei
1117 2640 1297 2677 naturam
1332 2636 1735 2689 parumconve'nire,

270 2709 470 2761 siquidem
499 2706 645 2748 nullius
675 2709 725 2747 sit
753 2709 934 2749 animalis
965 2720 1086 2750 sexus
1114 2707 1354 2751 masculinus
1386 2706 1642 2760 eiusdemiJue
1673 2708 1738 2749 fe-

273 2783 462 2831 mininus,
494 2781 567 2821 sed
583 2780 747 2821 alterius
761 2782 1018 2834 masculinus,
1047 2781 1208 2822 alterius
1228 2780 1452 2822 femininus.
1467 2808 1518 2814 —-
1534 2780 1644 2829 Quae
1660 2793 1736 2822 ex-

268 2856 416 2913 positio
447 2860 586 2897 nostra
609 2854 753 2909 quibus
781 2854 927 2896 nitatur
953 2860 1134 2897 veterum
1151 2856 1389 2897 testimoniis
1413 2856 1490 2896 iam
1506 2854 1731 2908 explicabo.
