1871 3204
801 139 1163 188 —174—

252 277 346 322 pag.
364 266 459 308 316.
491 267 539 317 A,
569 266 664 308 320.
683 266 732 319 Α,
758 265 854 308 336.
885 266 916 308 Β
948 267 995 318 D,
1028 264 1125 308 347.
1151 266 1196 318 Β,
1224 266 1318 308 348.
1336 266 1364 307 Β
1394 267 1435 308 in
1465 267 1710 322 Protagorae

258 339 541 392 discipulorum
566 349 734 379 numero
758 350 997 379 memorare.
1037 338 1133 379 ltem
1165 339 1480 398 Hecataeum
1500 339 1709 390 Milesium,

250 423 382 453 rerum
412 409 751 463 scriptoremsde
784 422 863 464 quo
890 410 999 452 conf.
1016 410 1149 452 Vossii
1176 411 1227 452 de
1247 411 1396 457 Hister.
1416 410 1561 452 Graec.
1587 411 1656 453 lib.
1676 411 1706 453 1.

249 495 334 535 cap.
361 482 400 534 1,
444 483 632 526 Creuzer.
673 482 821 523 Hister.
852 483 1009 524 Graec..
1028 483 1292 537 fragmpag.
1321 484 1360 524 1.
1389 487 1431 523 et
1456 494 1499 535 q.
1521 489 1655 535 seqq.)
1684 495 1710 524 a

244 553 366 597 Suida
399 566 433 596 s.
462 568 501 597 v.
524 554 737 605 Ἑκαταῖος
766 560 930 610 propter
958 561 1177 610 temporum
1218 557 1397 597 rationes
1436 555 1538 597 salso
1565 555 1707 597 Prota-

240 638 371 681 gorae
398 628 631 681 discipulum
652 629 732 669 dici
760 634 872 670 recte
899 630 1075 670 coniecit
1091 630 1168 670 iam
1184 629 1400 670 Salmasius
1418 627 1514 669 Plin.
1528 627 1704 668 Exercit.

240 700 281 741 in
312 700 355 741 C.
387 699 416 742 1.
448 700 575 742 Solini
615 700 865 755 Polyhistora
905 712 997 756 pag.
1030 701 1127 743 594.
1167 700 1210 745 C.
1270 701 1457 743 Fortasse
1502 699 1601 741 alter
1638 698 1704 741 ille

239 774 490 821 Hecataeus,
538 775 824 827 grammaticus
867 775 1086 826 Abderita,-
1129 775 1169 815 in
1210 775 1465 831 Protagorae«
1498 772 1704 827 discipulis

238 846 564 898 memorabatur,
610 848 723 889 cuius
754 847 907 888 erroris
940 859 1076 888 ansam
1098 848 1293 900 praebuit
1318 851 1359 889 et
1379 846 1538 901 patriae
1568 850 1609 886 et
1639 845 1706 886 di·-

195 908 203 915 ’
238 920 433 972 sciplinae
466 922 708 961 communio.
767 920 956 961 Errorem
990 920 1102 961 dico:
1123 933 1222 961 ‚nam
1253 933 1345 962 eum
1374 921 1540 973 quidem·
1562 919 1701 960 Heca-

238 996 370 1033 taeum
412 997 554 1046 quarto
597 993 754 1034 demum
784 997 876 1034 ante
905 993 1101 1035 Christum
1132 993 1297 1045 saeculo
1325 993 1477 1035 vixisse
1518 995 1698 1041 constat:

239 1066 346 1105 conf.
375 1066 544 1106 Vossius
582 1066 650 1106 lib.
691 1066 740 1106 ei.
774 1078 860 1118 cap.
891 1066 941 1106 X.
998 1067 1183 1106 Attamen
1230 1066 1440 1106 Herbstius
1482 1077 1574 1117 pag.
1610 1064 1700 1104 157.

236 1138 366 1179 errori
382 1136 437 1179 illi
454 1142 741 1192 patrocinatur.
772 1138 818 1180 ls
830 1149 855 1180 o
867 1142 1011 1180 crate
1022 1151 1059 1180 m
1075 1138 1322 1196 Protagorae
1338 1137 1559 1201 auditorem
1575 1136 1699 1179 fuisse

236 1223 288 1250 ex
302 1211 864 1264 DionysiiHalicarnassensis
876 1212 1024 1262 verbis,
1035 1223 1238 1265 quaepag.
1254 1212 1343 1252 155.
1359 1210 1532 1252 exhibita
1544 1211 1699 1260 videas,

235 1282 338 1323 falso
360 1283 574 1336 collegisse
596 1283 753 1323 videtur
768 1284 911 1324 Suidas
930 1295 963 1324 s.
981 1296 1018 1324 v,
1035 1280 1352 1336 Πρωταγόρας·
1378 1294 1508 1335 neque
1536 1282 1586 1322 ab
1617 1281 1697 1351 ullo

236 1356 302 1406 qui
339 1355 389 1394 de
429 1355 649 1409 Protagora
690 1356 879 1396 disseruit
917 1356 1113 1408 scriptore
1159 1355 1287 1403 (conl.
1330 1336 1566 1396 Welckerus
1607 1343 1698 1407 pag.

234 1427 329 1467 572.
359 1431 399 1467 et
426 1439 463 1479 q.
492 1434 629 1480 seqq.)
661 1428 904 1481 Protagoras
932 1429 972 1468 in
1001 1427 1103 1470 illius
1130 1427 1331 1481 magistris
1361 1430 1613 1467 memoratur.
1665 1425 1697 1465 E

233 1499 368 1549 Suida,
398 1504 441 1539 ut
468 1501 602 1539 omnia
631 1499 718 1540 fere
751 1510 856 1552 quae
883 1500 933 1539 ad
952 1500 1209 1552 Protagoram
1226 1500 1438 1552 pertinent,
1450 1499 1527 1539 hoc
1539 1510 1696 1551 quoque

235 1571 450 1624 descripsit
465 1571 681 1612 scholiasta
706 1571 756 1611 ad
776 1570 948 1612 Platonis
965 1571 1077 1624 Reip.
1108 1583 1197 1625 pag.
1219 1570 1313 1612 600.
1332 1570 1373 1611 C.
1406 1571 1433 1611 P
1447 1582 1506 1611 ro
1524 1571 1547 1610 d
1564 1572 1695 1611 icum

231 1645 272 1684 in
290 1644 538 1697 Protagorae
556 1642 761 1697 discipulis
783 1643 909 1685 fuisse
921 1643 1060 1684 Geelio
1081 1651 1192 1697 (pag.
1216 1645 1328 1695 122.)
1344 1643 1694 1697 persuasitSuidas

231 1729 264 1757 s,
286 1730 321 1757 v,
342 1716 562 1769 Πρόδικος
583 1721 623 1757 et
644 1729 677 1760 s,
699 1729 737 1757 v,
752 1715 1070 1771 Πρωταγόρας..
1091 1716 1166 1764 Qui
1188 1725 1275 1756 cum
1295 1718 1362 1757 vix
1384 1717 1500 1758 aliam
1531 1721 1692 1758 secutus

230 1791 280 1829 sit
309 1790 604 1841 auctoritatem,
633 1789 711 1829 nisi
740 1788 846 1841 quod
876 1789 917 1828 in
949 1788 1122 1828 Platonis
1151 1787 1313 1842 dialogo
1341 1789 1588 1842 Protagorae
1619 1800 1694 1829 no-

230 1863 337 1901 mine
389 1861 581 1914 inscripto
631 1860 823 1913 colloquii
871 1860 1064 1901 Prodicus
1110 1861 1309 1913 particeps
1351 1861 1576 1912 inducitur,
1623 1872 1694 1901 as-

226 1936 381 1974 sentior
431 1932 649 1974 Welckero
695 1945 787 1987 pag.
834 1932 929 1974 637.
982 1934 1035 1973 ita
1087 1933 1278 1974 iudicanti
1302 1949 1311 1976 :
1365 1934 1471 1985 „Die
1515 1933 1691 1974 Aumer-

224 2006 334 2060 kung
381 2007 496 2047 eines
545 2005 857 2047 Grammatikers
877 2037 889 2057 ,
941 2005 1134 2046 Prodikus
1181 2006 1244 2046 sei
1284 2030 1338 2037 —-
1394 2006 1466 2046 des
1516 2006 1687 2059 Gorgias

223 2080 304 2119 und
339 2079 579 2133 Protagoras
610 2077 792 2128 Schiiler,
824 2100 873 2108 -
897 2078 947 2117 ist
974 2089 1024 2117 zu
1054 2078 1144 2117 dem
1173 2077 1337 2119 Schutte
1365 2089 1416 2117 zu
1447 2078 1686 2127 verweisen,

227 2152 300 2193 der
331 2152 416 2193 sich
450 2164 515 2193 um
547 2152 613 2193 die
631 2152 709 2192 alte
722 2150 1172 2204 Litteraturgeschichte
1201 2151 1367 2204 gahaust
1392 2150 1500 2193 hat.“
1539 2152 1686 2194 Suidae

225 2226 415 2265 scrinium
463 2225 742 2279 expilaverunt
783 2224 963 2264 Eudocia
1003 2224 1155 2264 Violar.
1197 2236 1287 2278 pag.
1318 2224 1413 2265 356.
1459 2225 1499 2265 in
1530 2226 1686 2266 Anecd.

206 2298 364 2337 Graec.
403 2298 466 2338 ed.
496 2297 648 2338 Villois.
681 2302 774 2337 tom.
808 2297 848 2347 1,
882 2301 922 2337 et
951 2297 1169 2337 scholiasta
1201 2309 1316 2349 quem
1348 2297 1469 2337 modo
1501 2298 1683 2347 diximus.

332 2370 509 2411 Aliorum
538 2370 701 2410 nomina
733 2380 815 2409 non
846 2369 1064 2409 traduntur.
1128 2366 1179 2410 Οἱ
1208 2371 1424 2421 ἐπίτροποι
1456 2367 1531 2417 οὓς
1552 2372 1685 2420 Πρω-

220 2437 402 2493 ταγόρας
431 2442 626 2481 κατέλιπε
658 2445 930 2481 memorantur
959 2441 1053 2480 Plat.
1075 2440 1237 2480 Theaet.
1262 2452 1353 2493 pag.
1379 2438 1469 2480 164.
1492 2440 1536 2480 Ε.
1585 2441 1686 2481 Pro-

220 2518 393 2565 tagorae
422 2513 566 2564 placita
595 2524 782 2566 magnum
813 2512 1089 2552 excitaverunt
1119 2517 1345 2561 certamen3
1376 2516 1505 2564 atque,
1523 2512 1562 2552 id
1579 2513 1686 2566 quod

218 2585 336 2624 facile
351 2583 594 2637 intelligitur,
611 2596 661 2624 ex
677 2585 725 2625 iis
738 2585 984 2637 potissimum
1001 2583 1240 2625 defensores
1255 2584 1603 2636 nanciscebantur,
1617 2586 1683 2638 qui

217 2657 407 2698 fleracmi
439 2656 672 2709 disciplinae
692 2658 813 2698 dediti
828 2662 954 2697 erant.
988 2656 1148 2698 Theaet.
1169 2668 1261 2710 pag.
1282 2656 1371 2700 179.
1388 2658 1447 2698 D:
1481 2657 1616 2710 Μάχη
1646 2659 1685 2698 δ’

217 2723 294 2769 οὖν
323 2728 420 2783 περὶ
448 2728 580 2782 αυ’τῆ’ς
615 2729 665 2768 οὔ
693 2727 836 2783 φαύλη
867 2729 960 2768 οὐδ’
987 2729 1140 2782 ὀλίγοις
1162 2729 1339 2781 γέγονεν.
1401 2730 1532 2774 ΘΕΟ.
1564 2731 1682 2769 Πολ-

216 2801 291 2842 λοῦ
320 2802 394 2840 καί
422 2801 489 2840 δεῖ
513 2800 657 2855 φαύλη
690 2797 811 2851 εἶναι,
841 2799 951 2841 ἀλλὰ
981 2802 1080 2853 περὶ
1105 2802 1183 2852 μὲν
1214 2797 1288 2854 τὴν
1303 2799 1460 2842 Ἰωνίαν
1490 2800 1563 2840 καί
1590 2801 1681 2842 ἐπι..

215 2873 364 2914 δίδωσι
389 2871 607 2925 πάμπολυ.
666 2869 704 2913 οἱ
751 2871 830 2927 γάρ
863 2874 935 2913 τοῦ
960 2869 1237 2928 “Ηρακλει’του
1266 2870 1428 2928 ἑταῖροι
1456 2875 1685 2929 χορηγοῦσι
