1871 3204
804 113 1161 160 —196—

266 237 410 290 quihus
438 237 540 289 nigri
571 235 664 275 nihil
692 236 919 276 admistum:
950 237 1022 276 secl
1059 248 1109 275 ne
1138 237 1176 276 id
1207 237 1379 288 quidem,
1405 239 1511 290 quod
1529 250 1607 281 non
1641 243 1707 280 to-

264 314 341 350 turn
371 311 421 349 sit
447 309 589 348 bonum
607 338 618 355 ‚
660 308 780 347 modo
812 320 861 348 ne
903 313 1024 356 totum
1054 310 1106 348 sit
1135 307 1301 357 initium,
1341 312 1634 361 reprehendere
1663 325 1707 353 se

259 382 390 422 solere
417 379 483 419 ait.
541 378 617 426 Qui
646 378 767 431 igitur
794 380 896 420 h'aec
927 380 1049 440 verba
1079 381 1247 428 recitat,
1288 381 1328 420 ei
1354 386 1443 433 post
1472 377 1576 424 ἑκών
1603 396 1704 424 voce

262 451 467 505 paullulum
499 451 795 503 subsistendum
826 457 916 502 est,
956 465 1006 492 ne
1046 454 1133 505 quis
1162 452 1256 493 illud
1298 464 1385 493 cum
1416 455 1477 493 eis
1503 466 1607 507 quae
1634 468 1705 495 se·-

258 527 426 574 quuntur
454 524 681 576 coniungat.
738 524 875 577 Neque
908 523 983 564 alia
1008 523 1057 564 de
1089 535 1208 565 causa
1226 523 1546 577 Mytilenaeorum
1575 526 1703 569 forma

249 597 370 635 utitur
413 596 677 651 (anulinum),
724 609 840 649 quam
884 598 974 651 quia
1007 602 1144 638 contra
1176 597 1361 637 Pittacum
1399 602 1461 637 est
1498 599 1698 651 scriptum.

249 667 305 707 'l‘u
337 667 467 718 igitur,
497 668 621 719 inquit
648 673 780 720 poeta,
810 680 834 708 o
863 668 1032 719 Pittace‚
1057 666 1406 722 reprehensionem
1436 681 1562 710 meam
1593 669 1697 711 effu-

243 740 378 792 gisses
409 741 442 778 si
474 738 602 791 aliqua
632 745 742 780 certe
785 752 836 780 ex
867 746 979 793 parte
1025 753 1120 782 vere
1152 746 1319 794 apteque
1363 741 1518 782 locutus
1561 754 1700 783 esses:

245 810 317 850 sed
347 823 434 850 cum
467 811 517 851 de
549 823 593 850 re
619 812 857 864 gravissima
888 817 1095 865 tantopere
1125 814 1181 854 sis
1209 813 1357 863 salsus,
1395 812 1474 853 hoc
1502 817 1562 854 est
1591 807 1713 867 quod‘

245 889 284 923 te
314 882 617 935 reprehendam.
1123 886 1125 889 ’
1262 889 1263 892 ’

357 957 487 1007 Atque
527 955 580 995 ita
627 954 712 995 fere
744 954 944 995 Socrates,
1004 954 1123 995 Cuius
1152 956 1456 1008 explicationem
1489 958 1696 997 maximam

242 1031 394 1079 partem
438 1038 530 1067 esse
569 1027 843 1080 pravissimam
875 1039 992 1067 nemo
1029 1032 1090 1068 est
1120 1029 1213 1080 quin
1253 1017 1396 1069 videat.
1456 1029 1578 1078 Quam
1610 1041 1693 1069 rem

243 1111 330 1139 cum
362 1099 467 1140 multi
497 1100 720 1140 exstiterint
751 1100 814 1152 qui
844 1101 1101 1153 mirarentur,
1130 1113 1192 1141 me
1224 1101 1379 1154 quidem
1409 1113 1488 1142 non
1517 1101 1694 1142 offendit.

231 1172 280 1213 ·Si
325 1173 413 1225 quis
455 1173 558 1213 enim
597 1177 719 1213 totum
762 1172 866 1214 hunc
914 1173 1113 1227 dialogum
1157 1173 1370 1226 diligenter
1402 1174 1608 1227 perlegat,
1653 1175 1692 1214 in

242 1256 405 1297 (pioque
438 1245 524 1285 fere
567 1246 747 1286 Socratis
780 1246 904 1286 verbo
937 1246 1177 1286 salsissimas
1208 1251 1326 1297 alque
1355 1246 1602 1286 acutissimas
1633 1247 1693 1285 in·

240 1328 333 1355 esse
368 1316 643 1357 cavillationes
686 1316 890 1370 intelliget.
950 1317 1035 1357 Huc
1077 1322 1168 1356 ante
1200 1318 1330 1357 omnia
1361 1317 1401 1357 id
1442 1316 1693 1357 referendum

238 1394 325 1437 est,
370 1388 476 1442 quod
506 1388 599 1430 inde
630 1401 652 1430 a
678 1390 806 1442 primo
837 1392 1026 1441 temporis
1056 1394 1255 1430 momento
1273 1419 1285 1439 ‚
1327 1401 1415 1442 quo.
1436 1389 1691 1442 Protagoram

240 1461 327 1512 ipse
356 1472 444 1501 cum
474 1461 715 1513 hippocrate
745 1460 951 1510 adierunt,
996 1465 1035 1500 et
1062 1461 1139 1501 iam
1175 1464 1291 1501 antea
1320 1472 1508 1502 summam
1534 1472 1691 1513 semper

242 1532 448 1585 sophistae
486 1533 788 1574 admirationem
822 1533 998 1582 simulat,
1040 1537 1081 1573 ut
1121 1544 1242 1576 aureo
1275 1534 1467 1573 orationis
1499 1534 1586 1573 eius
1613 1533 1693 1572 ssu-

241 1606 361 1655 mine,
392 1606 637 1659 argumentis
667 1605 833 1658 copiose
863 1605 1070 1657 expositis,
1100 1604 1274 1655 flosculis
1306 1604 1514 1658 eleganter
1546 1616 1688 1658 asper-

240 1678 298 1716 sis
327 1688 449 1731 saepe
481 1677 594 1730 quasi
626 1677 823 1730 vertigine
853 1681 1078 1729 correptum
1110 1687 1155 1716 se
1185 1677 1303 1727 dicat,
1335 1681 1376 1717 ut
1406 1688 1495 1730 pag.
1519 1676 1614 1717 328.
1639 1678 1686 1727 l),

234 1750 328 1790 339.
359 1749 405 1790 E.
464 1750 519 1790 lta
552 1761 602 1790 eo
632 1761 791 1803 quoque
822 1749 1054 1801 discipulum
1098 1750 1180 1803 agit
1208 1750 1507 1790 attentissimum
1526 1780 1538 1800 ‚
1577 1751 1682 1802 quod

231 1824 360 1862 statim
404 1834 501 1862 suae
543 1834 701 1875 quoque
749 1821 973 1874 explicandi
1018 1822 1112 1861 artis
1154 1821 1369 1875 periculum
1409 1822 1544 1862 facere
1589 1823 1683 1872 vult,

229 1902 308 1947 quo
339 1895 497 1948 quidem
532 1895 691 1935 nonnisi
723 1894 761 1935 id
792 1894 941 1934 habere
970 1894 1128 1934 videtur
1154 1893 1390 1944 consilium,
1418 1898 1460 1934 ut
1489 1894 1681 1947 Protago-

229 1980 300 2007 rae
331 1968 369 2007 in
401 1967 543 2008 talibus
571 1968 693 2007 rebus
723 1967 909 2006 versandi
942 1969 1136 2007 rationem
1173 1978 1260 2006 cum
1304 1965 1554 2006 cavillatione
1591 1967 1681 2006 imia

228 2044 343 2081 tetur.
416 2040 625 2080 Prooemio
668 2039 931 2092 sophistarum
975 2050 1087 2079 more
1131 2029 1290 2091 longius
1335 2049 1449 2091 quam
1490 2049 1589 2091 opus
1621 2043 1682 2078 est

230 2117 435 2167 evagatur.
493 2112 685 2153 Plurimos
718 2124 810 2153 esse
842 2111 1040 2164 sophistas
1072 2111 1111 2150 in
1141 2110 1445 2152 Lacedaemone
1477 2122 1526 2151 ac
1548 2111 1679 2160 Creta,

227 2184 300 2225 sed
331 2187 395 2238 qui
427 2189 550 2225 artem
580 2196 690 2225 suam
724 2185 866 2232 celent,
895 2196 945 2224 ne
976 2183 1040 2224 alii
1069 2183 1323 2237 perdiscant3
1355 2194 1434 2237 quo
1464 2183 1675 2232 dictobfal-

228 2259 385 2298 sissimo
412 2257 539 2298 simile
559 2257 652 2298 illud
682 2257 930 2311 Protagorae
960 2257 1135 2309 respicit,
1167 2261 1290 2297 artem
1321 2255 1577 2309 sophisticam
1608 2268 1680 2309 per

227 2341 319 2370 esse
351 2331 564 2383 antiquam,
592 2329 665 2370 sed
697 2330 785 2370 aliis
816 2328 1052 2369 occultatam
1086 2329 1208 2369 fuisse
1228 2328 1466 2368 nominibus.
1524 2328 1677 2368 Deinde

227 2402 279 2443 ad
308 2402 444 2443 Pittaci
476 2403 712 2446 sententiam
745 2402 796 2442 de
829 2413 905 2455 qua
936 2402 1138 2454 quaeritur
1178 2399 1474 2453 Simonidisque
1514 2412 1674 2442 carmen

224 2474 399 2522 accedit,
427 2476 479 2513 ita
506 2474 663 2527 quidem
681 2505 693 2526 ,
720 2479 761 2514 ut
789 2474 1002 2514 verborum
1030 2473 1275 2528 singulorum
1308 2475 1675 2527 enuntiatorumque

221 2547 528 2602 praecipuorum
555 2551 594 2587 et
619 2547 951 2601 significationem
982 2551 1022 2588 et
1050 2558 1194 2588 nexum
1224 2545 1439 2600 epocans,
1468 2550 1509 2589 ut
1535 2546 1676 2598 sophi-

222 2626 322 2662 stam
340 2632 437 2660 vere
457 2610 647 2671 se'g'erat‚
677 2620 909 2672 pravissime
938 2620 1168 2672 plerumque
1197 2629 1281 2656 rem
1309 2622 1412 2671 agat.
1455 2618 1503 2658 Ut
1533 2619 1675 2658 Prola-

224 2705 349 2747 goras
392 2693 527 2745 priore
569 2692 749 2731 oratione
790 2692 914 2732 l'usius
957 2703 1071 2744 quam
1110 2693 1198 2730 erat
1236 2691 1506 2730 necessarium
1538 2688 1672 2741 mytho

223 2766 433 2818 exposuit,
478 2774 619 2804 omnes
662 2762 841 2802 homines
888 2764 1033 2803 indolis
1066 2762 1116 2802 ad
1154 2761 1447 2813 percipiendam
1492 2762 1673 2801 virtutem
1742 2795 1745 2797 .

219 2838 419 2891 politicam
466 2836 640 2878 idoneae
688 2846 780 2875 esse
825 2836 1067 2888 participes„
1110 2833 1227 2874 simili
1266 2834 1349 2874 fere
1391 2834 1548 2873 ratione
1590 2833 1669 2873 uti-
