1871 3204
789 113 1193 168 -40--’

225 244 410 290 Socratis
446 250 615 288 mortem
653 246 762 287 huuc
791 248 1025 299 magistrum
1054 258 1167 288 suum
1196 248 1287 290 curu
1320 249 1514 300 saphatia
1535 249 1690 301 diepa-

227 322 375 362 tantem
406 316 595 360 audiendi
633 317 674 359 ei
708 320 890 372 potestas
928 320 1037 370 erat,
1076 316 1240 361 ut-„iure
1280 317 1434 370 eedem·
1464 319 1688 368 vel-etiam

226 394 381 432 maiore
403 390 512 430 Plato
541 389 684 430 aetatis
712 399 822 429 anno
850 389 1045 432 vicesimo
1073 392 1216 442 warte
1243 389 1310 430 vel
1341 389 1684 440 duosstmcesino

227 461 473 517 Protagorae
513 459 824 515 disputationum
867 459 1025 504 auditor
1046 483 1049 493 ÷
1070 459 1195 506 fuisse
1231 459 1316 504 vdici
1361 464 1526 516 posset,
1558 466 1684 516 swam

222 529 384 577 Geelius
426 534 527 576 dixit
554 534 899 577 duodevicesimo.
955 534 1148 586 Siigitur
1178 545 1354 588 uuquam
1375 535 1490 579 Plato
1516 525 1682 578 audivit

218 607 497 661 Protagoram,
524 618 658 661 neque
687 618 759 649 cur
789 607 879 661 ipso
907 617 1013 649 anno
1041 606 1139 657 411,
1156 618 1300 660 neque
1328 607 1583 653 omnin-ocur
1609 617 1683 659 per

218 689 340 719 uuum
368 677 643 719 tantummodo
675 690 821 729 annum
848 678 928 719 hoc
946 678 1127 732 potuerit
1153 678 1399 732 intelligitur.
1446 677 1536 721 sed
1562 677 1683 722 etiam

216 749 254 791 si
293 753 407 790 recte
429 774 431 776 -
450 750 687 798 statuisset,
730 748 996 804 Protagoram
1035 747 1259 804 olympiade
1303 748 1429 793 altera
1450 792 1454 795 ,
1473 753 1516 790 et
1548 759 1685 790 nona-

217 821 375 875 gesima
400 832 512 862 cum
550 820 719 863 Socrate
758 831 852 862 esse
892 821 1133 863 collocutum
1148 851 1161 873 ‚
1202 820 1299 863 iude
1336 821 1488 862 vixisse
1522 820 1683 880 quidem

217 894 339 935 etiam
375 897 473 934 tuuc
510 892 773 946 Protagoram
814 892 1070 934 efficeretur:
1118 905 1191 935 cur
1229 904 1329 934 vero
1367 891 1509 934 eadem
1535 892 1686 947 elyn-

216 965 345 1020 piade.
364 969 562 1007 mortuum
596 976 757 1019 quoque
787 964 1007 1018 sophistam
1036 965 1209 1018 dixerit,
1245 965 1548 1019 virt-quisquam
1584 966 1683 1019 per-

215 1039 374 1092 spiciet.
430 1037 548 1087 Quod
585 1037 759 1079 maxime
801 1048 888 1078 rem
927 1048 1171 1091 causamque
1213 1036 1683 1095 continet,id-Geelius

214 1110 429 1164 perpaucis
474 1109 610 1151 verbis
658 1109 855 1151 absolvit:
894 1107 1194 1162 „Penamusque
1238 1120 1328 1151 eum
1360 1113 1557 1153 mortuum
1586 1120 1680 1153 esse

216 1182 270 1225 ol.
308 1181 463 1225 xcllss
492 1181 735 1224 Facillimum
776 1185 839 1223 est
881 1193 1062 1236 ponere:
1102 1182 1273 1224 rationis
1309 1176 1512 1225 momenta
1550 1192 1681 1235 quae-

214 1255 344 1296 renda
374 1258 480 1295 suut.
1263 1259 1270 1273 ‘

302 1326 376 1369 ,ut
401 1326 677 1381 Protagoram·
695 1325 929 1367 Democrito
956 1326 1225 1380 posteriorem
1261 1330 1356 1368 natu
1395 1325 1520 1372 ruisse
1558 1325 1679 1371 eliam

212 1400 343 1453 magis
374 1399 541 1452 probet,
567 1398 870 1449 Philostratum‚
900 1399 968 1451 qui
998 1399 1039 1438 in
1064 1398 1314 1452 Protagorae
1343 1399 1422 1440 vita
1453 1411 1543 1439 cum
1568 1398 1680 1439 Xer-

211 1482 289 1513 xes
332 1471 375 1514 in
404 1470 615 1518 Graeciam
656 1470 864 1512 traiiceret
896 1470 1082 1512 iuvenem
1115 1470 1373 1525 Protagoram
1412 1482 1436 1512 e
1465 1481 1675 1526 magorum

210 1543 424 1597 disciplina
452 1543 639 1585 hausisse
666 1554 779 1584 suam
811 1543 863 1584 de
893 1542 970 1584 diis
999 1542 1290 1585 dubitationem
1313 1543 1473 1594 tradat,
1494 1554 1519 1584 a
1547 1542 1677 1584 Bruc-

210 1614 314 1658 kero
344 1615 438 1657 hist.
466 1614 561 1669 phil.
593 1619 690 1657 tom.
717 1614 749 1656 1.
778 1626 871 1670 pag.
904 1615 1023 1657 1202.
1059 1615 1268 1669 explosum
1311 1625 1404 1656 esse
1439 1614 1518 1667 ait,
1556 1614 1623 1668 qui
1653 1625 1677 1655 a

208 1686 449 1728 Philostrato
477 1691 742 1740 permutatum
771 1697 865 1727 esse
893 1686 1155 1740 Protagoram
1204 1698 1292 1727 cum
1322 1687 1553 1727 Democrito
1583 1698 1676 1727 mo-

211 1760 377 1801 uuerit.>
417 1758 536 1808 Quod
561 1763 690 1800 utrum
717 1763 831 1799 recte
870 1758 1018 1799 dictum
1051 1763 1159 1799 esset
1198 1770 1329 1799 necne
1360 1759 1490 1812 capite
1531 1758 1582 1800 11.
1609 1759 1679 1800 in-

212 1831 452 1872 dicavimus.
497 1831 594 1871 Tum
623 1830 675 1871 ad
696 1830 900 1871 Meinersii
930 1831 1169 1872 sententiam
1186 1831 1386 1885 quandam
1415 1830 1677 1874 evertendam

210 1905 354 1947 transit
382 1904 445 1945 his
474 1904 635 1945 verbis:
679 1903 1009 1956 „Speciosissime
1053 1904 1227 1945 omnium
1260 1904 1475 1957 disputavit
1501 1903 1679 1945 Meiner-

209 1976 294 2018 sius
325 1977 368 2018 in
400 1987 525 2030 opere
554 1975 718 2024 laudato
758 1979 853 2016 tom.
892 1973 957 2016 ΙΙΙ.
998 1979 1082 2017 not.
1121 1974 1173 2016 ad
1207 1987 1299 2030 pag.
1343 1975 1439 2027 258,
1479 1974 1547 2016 ubi
1586 1986 1677 2017 cum

211 2049 382 2091 affirmet
410 2053 572 2103 praeter
601 2048 792 2103 Gorgiam
822 2048 1022 2089 neminem
1052 2048 1319 2102 sophistarum
1362 2044 1532 2102 aliquem
1560 2051 1680 2089 vete-

212 2132 299 2163 rum
328 2120 660 2175 philosophorum
687 2120 915 2171 audivisse,
948 2119 1052 2162 haec
1079 2119 1242 2161 scribit:
1287 2119 1565 2173 „Peut-etre
1599 2131 1678 2174 que

207 2193 289 2235 l’on
317 2205 445 2248 pense
472 2194 525 2235 ici
557 2193 582 2234 a
610 2193 869 2247 Protagoras,
897 2192 995 2233 dont
1022 2193 1219 2246 plusieurs
1238 2197 1414 2244 auteurs,
1442 2196 1483 2234 et
1499 2192 1674 2246 Epicure

209 2266 311 2307 entr'
329 2270 463 2308 autres
492 2269 722 2315 racoutent,
742 2264 844 2319 -qu’il
874 2265 982 2306 avait
1012 2264 1077 2305 ete
1105 2264 1275 2306 d'ahord
1304 2264 1542 2318 porte-saix,
1574 2263 1675 2305 mais

209 2348 288 2391 que
314 2338 545 2389 Democrite
563 2368 576 2390 ,
621 2341 743 2391 ayant
772 2337 985 2389 remarque
1016 2336 1055 2377 la
1084 2323 1263 2377 muniere
1299 2348 1402 2376 avec
1440 2334 1610 2388 laquelle
1641 2335 1670 2378 it

208 2409 346 2452 faisait
370 2408 432 2450 les
461 2409 621 2465 fagots‚
653 2410 805 2451 devina
832 2419 909 2452 son
950 2408 1072 2463 genie
1103 2412 1145 2449 et
1170 2408 1225 2449 lui
1257 2407 1390 2448 donna
1421 2406 1493 2447 des
1524 2407 1674 2451 instra.

208 2482 356 2524 ctions.
412 2482 512 2524 Mais
538 2482 566 2523 il
596 2486 659 2524 est
680 2481 765 2524 aise
796 2480 850 2522 de
874 2492 1049 2534 prouver
1073 2492 1146 2539 par
1174 2479 1371 2533 plusieurs
1388 2480 1561 2531 raisons,
1593 2492 1674 2533 que

207 2567 258 2598 ce
296 2554 399 2597 recit
441 2554 545 2595 n'est
583 2555 702 2609 qu'un
749 2556 899 2605 conte,
939 2557 980 2594 et
1018 2564 1094 2606 que
1135 2552 1373 2606 Protagoras
1411 2552 1535 2594 vivait
1577 2552 1672 2600 hieu

204 2631 328 2669 avant
352 2611 609 2668 Democrito?
642 2626 837 2669 ·D·abord
864 2626 1044 2668 Aristote
1076 2624 1252 2678 ignor-ait
1281 2624 1564 2675 absolumeut‚
1592 2636 1671 2677 que
1718 2664 1719 2667 ,

201 2699 447 2753 Protagoras
480 2697 548 2739 eut
577 2708 675 2749 recu
703 2697 775 2739 des
802 2697 1066 2740 instructions·
1106 2696 1157 2737 de
1188 2695 1439 2748 De'mocrite,
1477 2695 1668 2750 thiqu’il

202 2772 314 2827 parle
341 2772 464 2813 d’une
491 2768 677 2811 machine
704 2770 802 2810 dont
831 2782 885 2814 on
907 2771 1078 2817 attribue
1108 2769 1341 2815 l'invention
1373 2770 1396 2813 a
1417 2769 1671 2822 Protagoras,

203 2849 244 2887 et
271 2846 339 2900 qui
371 2845 429 2887 fut
460 2841 766 2899 probablement
809 2854 932 2886 cause
970 2854 1048 2899 que
1091 2841 1172 2885 l'ou
1216 2842 1390 2898 imagine
1430 2839 1524 2896 qu’it
1562 2841 1668 2885 avait
