1871 3204
175 795 784 875 QUAEsrloNUM
836 774 1616 862 PROTAGOREARUM

591 952 809 1003 LIBER
860 954 1185 1002 TERTIUS.

301 1096 813 1139 enorme-onan
832 1074 984 1138 -ms
1013 1093 1484 1149 sornns'ncs.

293 1310 355 1351 Ad
399 1309 724 1364 cognoscendam
772 1309 1017 1363 Protagorae
1055 1314 1177 1350 artem
1221 1303 1476 1363 sophisticam
1523 1322 1612 1352 cum

166 1383 459 1435 Aristophanis,
488 1382 713 1422 Aristotelis
741 1382 984 1434 aliorumque
1014 1383 1187 1435 scriptis,
1216 1387 1295 1422 tum
1318 1382 1489 1423 Platonis
1520 1383 1611 1432 dia-

165 1455 270 1509 logis
299 1454 473 1495 fontibus
505 1457 568 1493 est
597 1453 798 1494 utendum.
834 1453 922 1502 Qua.
947 1454 986 1494 in
1009 1466 1052 1493 re
1082 1452 1186 1506 quod
1220 1453 1270 1493 de
1299 1453 1401 1494 libro
1429 1455 1609 1495 secundo

163 1527 511 1580 praemonuimuS,
549 1527 590 1566 in
620 1526 725 1566 hane
752 1526 985 1578 disciplinae
1018 1527 1104 1566 eius
1143 1531 1292 1578 partem
1334 1528 1451 1567 etiam
1480 1528 1608 1580 magis

162 1599 279 1641 valet.
336 1597 557 1639 Videndum
586 1602 649 1638 est
677 1598 781 1639 enim
801 1583 823 1648 ‚*
843 1610 894 1639 ne
919 1610 1020 1651 quae
1052 1587 1273 1645 adversarii
1304 1598 1354 1638 de
1388 1598 1607 1653 Protagora

159 1670 406 1723 protulerunt
438 1670 625 1711 temerius
654 1669 885 1721 credamus,
926 1675 1019 1710 ante
1048 1671 1180 1710 omnia
1210 1682 1331 1721 vero,
1361 1675 1405 1711 ut
1433 1671 1606 1713 Platonis

156 1743 391 1801 auctoritate
422 1742 581 1783 nonnisi
611 1753 760 1782 summa
789 1754 877 1782 cum
906 1742 1090 1782 cautione
1120 1746 1237 1795 atque
1267 1744 1398 1784 omnia
1428 1743 1605 1795 diligen-

151 1817 302 1855 tissime
321 1813 684 1866 circumspicientes
713 1811 890 1854 utamur:
920 1815 1000 1867 qui,
1029 1825 1107 1867 quo
1137 1818 1223 1854 erat
1244 1819 1382 1855 contra
1401 1816 1601 1869 sophistas

154 1888 287 1928 animo
315 1885 587 1938 infestissimo,
615 1885 848 1938 saepissime
878 1896 958 1938 eos,
983 1885 1300 1927 cavillationibus
1329 1888 1511 1928 tractavit
1537 1892 1602 1928 at·-

159 1972 236 2013 que
264 1959 356 2000 dolo
387 1957 491 1999 malo
521 1948 735 1999 insectatus
764 1962 851 1998 est:
881 1961 923 1998 ut
951 1957 1019 1998 vix
1045 1957 1130 1999 fieri
1155 1962 1304 2011 posset,
1332 1960 1425 2013 quin
1454 1959 1600 2013 placita

155 2044 202 2072 ac
230 2031 339 2083 ⁸dicta
371 2042 508 2070 eorum
538 2034 604 2070 aut
634 2030 673 2069 in
703 2035 815 2081 peius
838 2018 1105 2082 detorqueret,
1135 2034 1202 2070 aut
1230 2030 1324 2070 talia
1355 2032 1424 2071 eis
1441 2032 1598 2073 tribue-

154 2108 216 2144 ret
242 2116 345 2157 quae
374 2113 571 2156 nunquam
599 2103 802 2145 dixissent.
858 2101 1054 2155 Persaepe
1090 2103 1208 2143 etiam
1251 2103 1395 2145 sactum
1424 2108 1515 2156 est,
1555 2110 1598 2146 ut

154 2188 256 2229 quae
287 2177 313 2217 ii
342 2175 605 2229 sophistarum
634 2176 886 2225 statuissent,
929 2176 994 2228 qui
1021 2179 1160 2229 postea
1191 2176 1363 2221 maxime
1390 2176 1596 2228 florerent,

155 2237 443 2303 antiquioribus
462 2247 527 2289 iile
542 2247 762 2301 imputaret,
784 2247 917 2300 itaque
946 2247 984 2288 in
1000 2246 1187 2301 Gorgiam
1215 2246 1280 2289 vel
1296 2247 1504 2292 Prodicum
1530 2251 1596 2292 vet

149 2323 405 2376 Protagoram
436 2320 699 2374 posteriorum
724 2330 856 2360 mores
883 2332 932 2360 ac
953 2321 1172 2361 sententias
1191 2322 1440 2364 transferret.
1473 2323 1592 2373 Quod

146 2406 236 2435 cum
264 2395 305 2436 in
336 2394 424 2436 aliis
444 2393 615 2444 Platonis
639 2392 749 2433 libris
777 2396 854 2433 tum
885 2392 990 2434 haud
1018 2403 1110 2434 raro
1140 2395 1335 2447 reperitur
1360 2395 1399 2436 in
1429 2394 1591 2451 dialogo

146 2465 483 2519 cuirProtagorae
522 2464 926 2517 nomen—inscripsit:
964 2477 1041 2518 quo
1071 2465 1179 2516 Plato
1219 2478 1300 2507 non
1331 2464 1588 2522 'Protagoram

145 2537 389 2591 potissimum
419 2538 493 2579 sed
522 2538 782 2591 sophistarum
817 2537 977 2577 omnino
1005 2538 1202 2579 rationem
1230 2541 1491 2593 persequitur.
1538 2540 1587 2581 Ut

147 2611 252 2650 enim
279 2609 566 2663 Aristophanes
586 2610 759 2652 Nubibus
784 2619 864 2648 non
894 2608 1019 2660 ipsum
1039 2611 1261 2662 Socratem,
1291 2624 1405 2665 quem
1432 2612 1585 2665 phron-

144 2684 297 2723 tisterio
329 2681 545 2736 praefecit,
583 2683 657 2724 sed
691 2693 813 2723 vanas
843 2680 1109 2734 sophistarum
1136 2685 1392 2738 quaestiones
1418 2683 1583 2724 cavilla-

140 2758 214 2804 tur,
242 2756 373 2809 itaque
401 2756 441 2796 in
467 2756 673 2799 Socratem
704 2753 898 2804 cumulat,
942 2765 1045 2807 quae
1074 2767 1156 2796 non
1184 2761 1275 2797 sunt
1301 2756 1476 2797 Socratis
1504 2755 1578 2796 sed

140 2827 356 2882 vulgarium
385 2827 487 2870 illius
518 2830 705 2882 temporis
735 2825 1021 2886 sophistarum:
1049 2828 1103 2869 ita
1117 2828 1223 2869 Plato
1251 2828 1456 2881 profanum
1486 2827 1580 2869 iliud
