1871 3204
785 154 851 164 -
918 135 1016 182 186
1087 156 1145 168 -·

234 274 292 301 τε
326 264 422 304 καί
457 263 636 313 δίκην,
676 260 741 301 ἵν’
779 255 891 301 εἶεν
923 258 1133 300 πόλεων
1166 257 1368 310 κόσμοι
1396 275 1457 301 τε
1485 263 1576 304 καί
1604 262 1695 303 δε-

234 336 371 385 σμοί
397 332 596 388 φιλίας
625 335 946 386 συναγωγαί.
1003 330 1322 388 ἐρωτᾷρῦν
1359 330 1551 386 Ἑρμῆς
1575 336 1695 386 Διά,

236 407 357 446 τίνα
389 397 494 445 οὖν
521 402 741 458 τρόπον
768 403 889 458 δοιή
919 404 1075 458 δίκην
1096 402 1346 446 καίαἶδῶ
1372 403 1696 457 ἀνθρώποις.

233 473 486 529 Πότερον
536 473 604 524 ὥς
649 472 711 517 αἱ
758 474 953 529 τέχναι
1000 478 1366 530 νενέμηνται,
1414 471 1563 529 οὕτωΙ
1602 477 1695 518 καὶ

230 545 426 596 ταύτας
457 550 650 601 νείμως
680 549 1008 603 νενέμηνται
1034 548 1098 589 δὲ
1127 541 1252 589 οἶδε·
1313 542 1399 597 εἷς
1425 545 1567 601 ἔχων
1596 548 1693 589 ιά-

228 618 425 675 τρικὴν
449 624 671 671 πολλοῖς
700 618 883 672 ἱκανὸς
913 621 1200 677 ἰδιώταις,
1229 618 1317 663 καί
1343 618 1390 663 οῖ
1420 615 1579 662 ἄλλοι
1604 620 1691 677 δη-

226 692 505 746 μιουργοί.
558 694 654 734 καί
699 695 858 748 δίκην
906 693 1116 748 δὴ,και’“
1159 696 1299 749 αἷχὸὤ
1345 690 1480 735 οὕτω
1515 693 1592 735 θῶ
1634 695 1691 735 ἓν

225 768 346 814 τοῖς
378 760 729 820 ἀνθρώποις,
761 760 790 820 ἢ
816 763 909 807 ἐπὶ
933 763 1139 814 πάντας
1167 766 1387 820 νει’μω,·
1424 763 1542 808 Ἐπὶ
1570 756 1688 806 πάν-

224 851 345 891 τας,
389 834 494 891 ἔφη
539 834 751 889 ὅΖειῖς,
797 837 888 878 καί
926 836 1126 887 πάντες
1172 836 1551 891 μετεχόντων·
1620 837 1690 877 ου’

221 908 330 964 γὰρ
361 904 421 951 ἂν
447 909 702 963 γένοιντο
734 905 969 965 πόλεις’,
1009 910 1061 954 εἷ
1086 909 1265 966 όλίγοι
1297 911 1475 953 αὐτῶν
1509 910 1688 964 μετέ-

222 997 395 1036 χοιεν
424 978 601 1038 ὥσπερ
636 978 818 1025 ἄλλων
844 988 1071 1038 τεχνῶν.
1130 983 1226 1026 καί
1266 983 1457 1036 νόμον
1495 1000 1551 1038 γε
1591 984 1687 1032 θὲς

223 1058 351 1109 παρ’
380 1054 526 1107 ἐμοῦ
562 1053 649 1097 τὸν
686 1053 753 1111 μὴ
786 1054 1107 1109 δυνάμενον
1143 1055 1352 1105 αἰδοῦς
1396 1056 1499 1098 καί
1533 1053 1688 1112 δι’κης

221 1130 481 1181 μετέχειν
510 1130 756 1171 κτείνειν
786 1127 853 1178 ὥς
882 1128 1050 1171 νόσον
1080 1128 1307 1177 πόλεως.

333 1199 396 1240 Ex
426 1200 588 1241 Platone
626 1205 840 1255 excerptus
879 1201 948 1242 hic
977 1200 1135 1255 mythus
1175 1202 1372 1256 reperitur
1399 1202 1545 1243 Himer.
1575 1200 1686 1242 Orat.

211 1272 326 1314 7ΧΧῙ.
355 1274 479 1322 §.10.
511 1279 632 1326 atque
660 1275 777 1315 valde
807 1275 1035 1315 immutatus
1050 1275 1237 1316 Themist.
1269 1275 1380 1316 Orat.
1410 1275 1568 1315 xxvn.
1589 1286 1682 1327 pag.

223 1343 319 1385 338.
351 1349 466 1399 (pag.
495 1345 592 1386 407.
621 1344 788 1396 Dind.):
815 1345 1013 1387 indicatur
1040 1347 1160 1388 etiam
1188 1345 1327 1388 Iulian.
1360 1344 1469 1387 Orat.
1501 1346 1563 1386 vl.
1593 1357 1685 1400 pag.

225 1416 319 1455 194.
379 1417 513 1456 Ceteri
546 1422 676 1456 autem
706 1418 787 1457 loci
822 1418 872 1456 ab
901 1419 1089 1457 Herbstio
1118 1430 1209 1471 pag.
1241 1418 1333 1458 149.
1362 1430 1386 1457 e
1416 1418 1685 1457 Wernsdorfii

225 1489 276 1533 ad
307 1489 526 1533 Himerium
567 1491 830 1533 annotatione
871 1492 1120 1544 repetitifad
1142 1492 1417 1551 *Protagoram
1451 1492 1547 1534 nihil
1587 1507 1686 1544 per-

224 1560 363 1598 tinent.
419 1559 608 1598 Attamen
638 1559 856 1612 KayseruS‚
887 1560 953 1612 qui
983 1560 1022 1599 in
1049 1559 1279 1604 ,Philostrati
1307 1561 1475 1601 vitarum
1505 1560 1685 1601 editione

222 1633 414 1677 nonnulla
444 1633 496 1676 de
524 1631 746 1687 Protagora
776 1634 984 1676 disserens
1013 1647 1066 1675 ex
1092 1635 1279 1676 Herbstio
1309 1635 1540 1688 plerumque
1566 1637 1684 1688 sapit,

222 1715 362 1745 omnes
391 1704 481 1745 ilios
509 1714 601 1758 pag.
619 1705 711 1745 202.
743 1708 852 1745 tanta
868 1715 958 1745 cum
978 1705 1133 1746 incuria
1153 1704 1378 1759 descripsit,
1407 1709 1451 1746 ut
1465 1716 1595 1759 neque
1609 1716 1682 1746 eos

218 1779 581 1832 praetermitteret,
615 1778 682 1831 qui
711 1778 762 1820 ab
792 1778 869 1820 hac
898 1791 944 1820 re
972 1778 1093 1820 alieni
1124 1783 1235 1829 sunt,
1275 1791 1406 1831 neque
1434 1779 1682 1831 emendaret,

221 1863 324 1905 quae
353 1850 466 1891 salsis
495 1850 562 1891 ine
593 1851 680 1891 sive
709 1850 886 1891 numeris
914 1851 1001 1890 sive
1031 1850 1168 1891 verbis
1198 1851 1408 1893 citaverat.
1453 1850 1509 1891 Ita
1538 1862 1590 1891 ex
1614 1850 1684 1891 lu-

217 1926 326 1967 liano
355 1937 428 1979 pro
458 1937 550 1979 pag.
583 1924 674 1966 194.
704 1924 923 1967 secundum
951 1924 1178 1966 Hei-hstium
1208 1924 1411 1978 Kayserus
1446 1924 1562 1966 affert
1588 1937 1680 1979 pag.

221 1997 313 2039 195.
342 2001 461 2051 atque
493 1996 642 2050 „Etyan
672 1996 726 2038 M.
757 2007 790 2038 s.
824 2009 861 2037 v.
895 1994 1105 2050 Ἰηόνιονῐῑ,
1136 1996 1243 2051 quod
1271 1996 1448 2038 Herbstii
1476 1996 1682 2050 typotheta

217 2071 351 2122 posuit
377 2081 450 2122 pro
475 2068 659 2119 Ἰκόνιον,
693 2068 1000 2122 diligentissime
1029 2080 1143 2109 suum
1170 2069 1279 2108 fecit.
1317 2068 1434 2116 Quod
1461 2081 1559 2109 vero
1589 2080 1681 2122 pag.
1726 2082 1730 2085 ’

224 2141 315 2184 156.
348 2141 559 2182 Herbstius
590 2140 707 2194 „Wie
733 2139 837 2192 ich“,
869 2140 1011 2193 inquit,
1040 2151 1135 2193 „aus
1166 2139 1240 2180 der
1272 2143 1412 2181 treuen
1428 2140 1682 2195 Darstellung

203 2199 463 2254 'muthmasse
483 2244 495 2264 ‚
522 2213 590 2253 hat
617 2212 816 2253 Himerius
849 2235 902 2244 —
930 2211 1178 2265 wenigstens
1208 2212 1316 2252 noch
1344 2213 1416 2253 das
1444 2212 1553 2252 Buch
1582 2214 1683 2264 περὶ

217 2286 291 2339 τῆς
319 2285 364 2327 ἐν
395 2260 508 2341 ᾰΐχῇ
538 2282 833 2333 καταστάσεως
865 2283 991 2325 selbst
1017 2283 1222 2338 gelesen“‚
1250 2284 1392 2331 melius
1412 2283 1682 2337 profectore-

221 2357 345 2397 eisset
373 2356 407 2397 si
436 2356 514 2398 hac
541 2367 704 2412 *quoque
729 2358 772 2398 in
802 2367 848 2398 re
881 2355 1200 2402 Wernsdorfium
1229 2360 1435 2397 auctorem
1469 2359 1579 2396 esset
1608 2366 1681 2396 se-

219 2434 351 2479 cutus,
383 2429 462 2481 qui,
489 2429 529 2470 id
559 2429 666 2483 quod
695 2429 761 2471 vel
789 2435 932 2482 sponte
962 2434 1141 2483 apparet,
1170 2441 1252 2471 non
1283 2441 1336 2469 ex
1362 2429 1450 2482 ipso
1479 2428 1681 2482 Protago-

217 2513 290 2543 rae
321 2499 440 2551 libro,
470 2499 543 2540 sed
577 2513 600 2541 e
632 2500 810 2543 Platonis
827 2501 1048 2555 Protagora
1079 2500 1186 2542 hunc
1216 2498 1390 2553 mythum
1419 2499 1470 2541 ab
1499 2499 1677 2542 Himerio
1750 2538 1751 2541 ,

219 2573 449 2624 ceterisque
481 2571 659 2612 haustum
691 2585 785 2614 esse
816 2574 981 2613 monuit.
1438 2573 1443 2575 ”

332 2643 519 2687 Ceterum
551 2642 601 2684 dc
629 2643 705 2686 hac
734 2644 1002 2699 sophistarum
1030 2646 1201 2696 ratione,
1228 2655 1304 2698 qua
1325 2644 1506 2698 antiquas
1525 2642 1680 2690 fabulas

216 2718 257 2758 in
302 2729 415 2759 suum
450 2729 564 2759 usum
608 2718 888 2770 immutarunt,
932 2719 1013 2763 vid.
1044 2719 1303 2759 Buttmannus
1330 2717 1492 2770 Mythol.
1521 2720 1615 2756 tom.
1646 2716 1677 2760 1.

215 2802 307 2844 pag.
335 2790 429 2831 253.
462 2795 503 2831 ct
530 2789 769 2830 Welckerus
800 2803 894 2844 pag.
926 2791 1020 2833 579.
1049 2790 1197 2833 Ekkeri
1229 2790 1370 2832 librum
1400 2790 1452 2831 de
1480 2788 1559 2829 hoc
1587 2801 1679 2842 my·-

215 2863 285 2903 tho
314 2862 463 2904 editum
496 2863 698 2917 inspicere
728 2874 808 2903 non
838 2865 960 2914 potui.
1517 2856 1519 2858 ’
