1871 3204
804 139 1163 183 -192-

363 264 426 304 Ex
447 264 514 314 ,iis
553 273 656 315 quae
693 261 745 302 de
786 259 1229 318 singutifflotagorae
1271 264 1385 305 libris
1422 270 1706 318 memorantur,

250 334 338 376 sive
366 339 583 386 temporum
611 334 698 374 s1ve
728 332 931 375 hominum
961 334 1061 386 (vid.
1093 347 1186 396 pag.
1216 335 1281 377 75.
1314 339 1354 376 et
1382 334 1473 385 77.)
1501 336 1707 390 iniquitate

249 408 440 447 maiorem
476 416 615 446 eorum
647 411 799 459 partem
838 407 944 450 haud
981 409 1037 449 ita
1065 406 1186 449 multo
1215 412 1305 462 post
1334 407 1580 461 deperditam
1612 420 1706 449 esse

174 523 195 530 ,
246 482 353 532 puto.
408 477 508 519 Nam
536 482 815 536 praeterquam
845 480 952 533 quod
978 479 1214 534 Ἀλήθειαν
1242 479 1497 537 Porphyrius,
1529 475 1705 537 fortasse

244 550 375 591 etiam
389 550 533 592 librum
560 553 629 604 qui
664 557 753 593 erat
795 550 898 607 περι
928 568 1011 594 των
1053 553 1131 594 ουίι
1169 546 1333 606 ὀρθῶς
1342 540 1435 601 tote,-
1462 551 1705 607 ἀνθρώποις

241 623 546 676 πρασσομένων
572 624 765 677 Crantor,
810 619 1068 676 Hoictu’m
1108 629 1197 678 aut,
1230 626 1265 667 si
1293 626 1380 680 quis
1407 625 1524 667 iidem
1556 624 1704 667 habeat

240 694 430 764 Diogeni,
459 695 724 750 Ἀντιλογικά
751 697 1030 755 Aristoxenus
1037 702 1078 739 et
1094 697 1352 749 Phavorinus‚
1382 696 1704 750 Προστακτικὸν

241 765 440 810 Stobaeus
469 768 546 822 ipsi
576 768 803 822 inspexisse
835 767 1034 824 videntur,
1061 768 1160 810 nihil
1189 769 1357 811 traditur
1384 767 1490 810 unde
1520 768 1571 809 de
1587 771 1704 809 cete-

240 840 298 880 ris
304 833 455 882 simile
485 842 697 895 quicquam
727 846 904 883 statuere
925 843 1059 884 liceat.
1116 842 1204 892 Quo
1234 844 1367 884 etiam
1384 842 1537 884 factum
1558 846 1634 893 est,
1659 846 1702 883 ut

238 924 262 953 a
290 914 585 967 posterioribus
613 915 874 969 scriptoribus
902 927 986 957 non
1014 923 1066 957 ex
1097 915 1221 969 ipsius
1255 912 1409 958 seff'ex
1441 914 1700 956 adversario..

238 997 326 1027 rum
364 987 641 1029 tantummodo
669 971 1009 1046 librfficognosci
1035 993 1186 1041 posset.
1245 988 1358 1037 Quae
1386 972 1700 1028 vero-exhibui-
1747 995 1757 1004 ·

236 1068 325 1098 mus
355 1057 580 1113 fragmenta
605 1071 831 1114 quanquam
862 1063 924 1101 sat
951 1050 1222 1114 sunt‘³'pauca,
1252 1059 1452 1101 sufficiunt
1483 1063 1616 1101 tamen
1647 1059 1699 1099 ad

237 1132 553 1173 confirmandum
586 1133 768 1185 quodet
799 1134 876 1186 ipsi
905 1134 956 1174 de
974 1126 1221 1187 Protagorae
1252 1133 1413 1174 dicendi
1443 1144 1597 1186 genere
1626 1143 1700 1172 su-

233 1216 307 1258 pra
335 1204 599 1251 iudicavimus
628 1193 668 1247 et
681 1205 965 1261 Bernhardyus
994 1198 1276 1248 animadvertit
1302 1206 1411 1259 Synt.
1429 1206 1496 1248 Gr.
1519 1216 1613 1258 pag.
1630 1203 1697 1246 91.

237 1282 374 1319 annot.
404 1278 483 1319 42:
527 1279 680 1332 „Einen
718 1278 875 1320 hohern
913 1280 1010 1321 Sinn
1050 1269 1275 1319 offenbarte
1314 1278 1414 1319 aber
1439 1278 1698 1330 Protagoras,

238 1349 314 1392 der
338 1350 532 1406 vermoge
559 1344 705 1406 [seiner
731 1351 968 1406 poetischen
998 1346 1242 1406 Auffassung
1269 1350 1375 1392 noch
1405 1361 1468 1391 am
1495 1348 1700 1393 Jonismus

232 1423 345 1480 hing,
370 1423 697 1481 Jedoch‘ifnmer
726 1424 807 1464 den
837 1408 1018 1465 frischen
1047 1424 1132 1464 Ton
1159 1425 1273 1464 einer
1298 1423 1581 1463 rhetorischen
1604 1422 1700 1461 Eri-

233 1491 314 1537 stik
342 1495 517 1554 aucuia
547 1482 820 1537 moralischen
832 1494 1166 1550 Entwicklungen
1196 1478 1428 1548 aussprach]
1459 1495 1589 1536 worin
1606 1493 1698 1534 eine

232 1569 410 1622 gewisse
441 1566 725 1609 Aeh‘ssichkeit
750 1569 820 1608 mit
849 1562 1244 1615 deri-aufreizenden
1271 1566 1394 1606 Ideen
1424 1566 1505 1606 der·
1524 1563 1698 1619 komig-
1766 1565 1770 1567 ’

233 1646 301 1681 ten
333 1639 709 1694 Thucydideischen
747 1639 890 1681 Reden
929 1635 1041 1681 iiicht
1081 1640 1301 1681 verkannt-
1313 1638 1452 1680 wird.“
1516 1629 1697 1687 Quocum

230 1725 307 1754 nos
340 1723 506 1766 prorsus
535 1713 834 1764 consentimus,
872 1713 953 1753 nisi
991 1712 1100 1766 quod
1128 1712 1277 1780 lonico
1295 1708 1489 1771 Sermone
1520 1722 1611 1751 eam
1641 1709 1695 1750 ob

235 1798 395 1827 causam
425 1785 491 1827 ine
520 1797 618 1828 usus
657 1797 750 1828 esse
788 1785 975 1837 videtur,
1017 1776 1137 1853 qffla
1137 1786 1224 1839 ipse
1238 1765 1390 1826 Ionica
1415 1764 1580 1824 colonia
1609 1785 1697 1823 erat

232 1859 425 1900 oriundus
465 1854 569 1925 (vid.
598 1871 692 1913 pag.
723 1859 802 1909 3..)
874 1855 1063 1907 Ceterum
1107 1858 1216 1912 quod
1253 1858 1430 1899 lonicam
1467 1856 1694 1907 dialectum,

232 1944 335 1986 quae
364 1932 483 1974 etiam
513 1922 645 1974 exstat
673 1929 900 1987 fragmento
928 1931 975 1984 3,
1004 1931 1067 1973 iu
1076 1933 1222 1974 ceteris
1251 1930 1466 1974 restituere
1495 1923 1695 1973 noluimus

228 2005 297 2046 vix
324 2004 535 2058 quIsquam
564 2005 684 2049 nobis
713 2005 871 2047 crimini
900 2002 1046 2046 vertat.
