1871 3204
841 152 1168 199 -68-

275 277 358 320 hoc
384 279 545 319 nomine
580 275 808 318 celebratus
847 281 962 327 erat,
998 280 1042 317 ut
1070 275 1178 317 Crito
1206 274 1310 319 libro
1339 285 1414 316 suo
1443 275 1561 319 alicui
1579 276 1732 320 inscri-

275 351 390 410 beret
417 346 713 403 Πρωταγόρας
743 345 768 403 ἢ
796 349 1026 398 Πολιτικός
1055 349 1195 403 (Diog.
1223 341 1353 391 Laert.
1376 347 1515 390 tib.1l.
1547 356 1586 402 s
1607 350 1696 393 121.
1699 354 1733 401 ).

276 425 335 464 De
364 423 439 461 hac
468 422 589 475 igitur
620 433 665 463 re
694 420 790 461 nihil
822 425 884 461 est
913 420 1019 475 quod
1051 420 1285 462 dubitemus.

386 492 504 540 Quod
531 492 582 533 ad
611 492 723 546 leges
752 493 938 534 Thurinis
968 491 1206 534 scribendas
1234 492 1388 533 electus
1417 503 1440 532 a
1457 490 1614 533 Pericle
1643 503 1732 534 cum

276 564 432 605 colonis
477 566 521 606 in
548 564 698 607 ltaliam
736 565 880 607 missus
909 569 997 614 est,
1041 569 1190 606 certum
1222 568 1283 605 est
1311 564 1525 616 indicium,
1554 565 1635 606 iam
1662 564 1731 605 illo

272 635 462 691 tempore‘
485 638 745 693 Protagoram
780 638 988 679 doct-rinae
1018 642 1058 678 et
1088 637 1282 678 acuminis
1312 636 1418 678 fama
1450 648 1568 691 quam
1595 636 1729 678 maxi..

271 721 338 750 me
367 711 571 764 viguisse,
619 696 672 750 ut·
702 710 975 762 Apollodorus
1006 709 1125 751 tradit
1168 708 1269 763 apud
1300 709 1524 764 Diogenem
1565 709 1633 750 lib.
1661 707 1730 751 lx.

272 787 314 833 s.
356 783 439 834 56,
483 781 680 825 Eusebius
728 782 875 825 Chron.
924 782 985 826 Ol.
1016 782 1224 825 LXXXIV.
1273 795 1308 824 a.
1351 783 1390 824 2.
1438 787 1479 824 et
1521 781 1729 836 syncellus

275 855 502 910 Chronogr.
533 867 624 910 pag.
655 855 752 896 248.
785 856 844 897 A:
889 866 1021 910 neque
1049 867 1174 908 vero,
1216 857 1256 897 id
1283 855 1387 910 quod
1418 854 1627 898 Herbstius
1653 865 1735 897 no-
1817 884 1826 895 .

265 927 333 970 his
379 926 628 981 persuadere
668 931 837 968 conatus
882 931 972 978 est,
1013 928 1123 969 circa
1162 927 1432 981 olympiadem
1471 930 1649 981 quartam
1691 931 1732 968 et

269 1000 564 1056 octogesimam
602 999 790 1059 *vigorem
839 999 926 1041 eius
965 1000 1133 1054 primum
1172 999 1328 1043 demum
1365 1000 1523 1055 cepisse
1560 1000 1731 1042 initium.

269 1073 314 1115 In
347 1073 453 1114 hanc
497 1073 670 1114 aetatem
712 1072 831 1113 etiam
870 1072 1038 1126 Hippiae
1079 1074 1208 1130 ποτέ
1248 1072 1397 1118 cadere
1437 1072 1596 1116 videtur
1636 1072 1732 1114 Plat.

267 1144 382 1198 flipp.
413 1145 506 1186 mai.
533 1156 626 1200 pag.
654 1145 750 1187 282.
779 1145 839 1186 D:
879 1142 1163 1201 Ἀφικόμενος
1203 1144 1251 1186 δέ
1292 1159 1395 1186 ποτε
1414 1134 1494 1194 ‘sec
1539 1145 1735 1201 zeacum,

267 1215 567 1271 Πρωταγόρου
595 1214 751 1258 αὐτόθι
780 1213 1083 1270 ἐπιδημοῦντος
1110 1214 1185 1257 καὶ
1211 1217 1545 1275 εὐδοκιμόῦντος.
1601 1215 1734 1269 Atque

269 1293 360 1339 cum
392 1289 481 1343 ipso
509 1287 578 1331 illo
606 1291 788 1343 tempore
814 1288 856 1329 in
885 1286 1022 1329 Sicilia
1055 1286 1310 1342 eloquentiae
1340 1299 1407 1330 ars
1444 1298 1591 1330 recens
1628 1298 1734 1330 con-

270 1362 352 1404 dita
380 1361 568 1415 floreret,
616 1372 698 1403 non
720 1350 868 1419 41ιῇῑο
896 1348 991 1415 quin
1019 1372 1070 1403 eo
1099 1361 1286 1403 libentius
1316 1361 1561 1417 Protagoras
1589 1372 1733 1404 munus

269 1448 295 1476 a
324 1434 478 1476 Pericle
504 1435 581 1476 sibi
609 1435 838 1476 mandatum
866 1436 1092 1487 susceperit
1132 1435 1197 1475 vel
1239 1425 1412 1475 fortasse
1442 1439 1486 1475 ut
1513 1435 1734 1475 mandare-

269 1511 336 1549 tur
361 1507 664 1561 impetraverit,
700 1511 744 1548 ut
770 1506 945 1562 Gorgiae
977 1511 1018 1547 et
1044 1506 1176 1548 Tisiae
1192 1538 1205 1559 ‚
1245 1518 1411 1560 quorum
1439 1510 1536 1548 tunc
1562 1505 1735 1549 maxime

269 1580 443 1622 florebat
463 1581 570 1621 inter
587 1579 745 1628 Siculos
771 1579 890 1630 fama,
919 1583 1223 1632 praeceptorum
1251 1580 1451 1632 particeps
1480 1579 1606 1620 fieret.
1643 1578 1733 1632 lpse

271 1652 379 1694 enim
411 1651 492 1694 iam
524 1654 640 1693 antea
671 1650 831 1706 quidem
858 1650 1124 1705 eloquentiam
1153 1649 1348 1693 docuerat
1375 1650 1591 1705 discipulos
1609 1683 1622 1703 ‚
1659 1650 1734 1694 sed

271 1736 356 1766 non
383 1724 435 1765 ad
463 1736 582 1765 unam
613 1724 811 1776 quandam
843 1728 991 1764 certam
1024 1725 1240 1774 rationem,
1270 1728 1313 1764 ut
1338 1724 1473 1764 Corax
1499 1723 1734 1777 Tisiasque:

273 1797 390 1839 locos
420 1807 651 1837 communes
680 1800 720 1837 et
746 1808 878 1837 rerum
907 1795 1113 1837 illustrium
1154 1796 1295 1837 laudes
1339 1797 1734 1852 vituperationesque

275 1872 507 1923 scripserat,
538 1869 681 1922 quibus
706 1870 772 1922 qui
804 1870 1012 1909 orationes
1040 1869 1237 1910 haberent
1261 1872 1480 1928 uterentur.
1537 1869 1618 1911 Cfr.
1650 1869 1734 1912 Cic.

272 1941 380 1983 Brut.
411 1940 541 1982 locum
570 1952 663 1995 pag.
693 1940 763 1982 41.
794 1944 834 1981 et
859 1952 898 1994 q.
927 1951 1040 1994 seqq.
1071 1944 1295 1983 tractatum.

363 2013 478 2055 Circa
508 2025 656 2055 annum
674 2013 768 2054 435.
784 2013 965 2054 Athenas
983 2013 1201 2055 revertisse
1218 2013 1389 2072 videtur.
1420 2013 1547 2063 Quam
1566 2017 1737 2055 senten-

274 2087 369 2127 tiam
399 2078 813 2140 erunf‘l'ortas‘se‘qiii
838 2082 1055 2127 mirentur:
1086 2076 1217 2139 neque
1237 2070 1501 2128 certissimam
1520 2097 1600 2142 ego
1616 2091 1735 2142 atque

274 2158 539 2200 firmissimam
568 2160 634 2200 aio
666 2156 789 2211 esse,
815 2159 889 2200 sed
919 2158 1024 2200 adeo
1052 2159 1331 2213 probabilem',
1360 2163 1402 2200 ut
1428 2160 1496 2201 vix
1519 2158 1685 2202 ¹multum
1713 2170 1738 2200 a

225 2271 228 2296 J
274 2243 375 2272 vero
404 2231 567 2272 differre
593 2232 734 2285 possit.
792 2230 945 2273 Eadem
972 2235 1035 2273 est
1063 2231 1166 2273 haec
1193 2232 1375 2286 quaestio
1404 2236 1522 2286 atque
1550 2231 1632 2284 illa,
1657 2241 1739 2286 quo

223 2299 228 2378 j
277 2308 458 2358 tempore
485 2304 670 2359 dialogus
699 2304 766 2358 qui
796 2304 1041 2360 Protagoras
1080 2308 1143 2346 est
1178 2304 1392 2358 inscriptus
1418 2316 1442 2346 a
1469 2304 1633 2346 Platone
1659 2304 1739 2346 lia-

222 2392 227 2452 3
279 2376 385 2417 bitus
425 2377 624 2432 fingatur,
665 2389 754 2418 cum
787 2378 928 2431 paucis
972 2377 1113 2418 diebus
1154 2381 1274 2419 antea
1301 2377 1561 2431 Protagoram
1592 2376 1736 2420 iterum

223 2453 228 2497 ξ
281 2449 463 2490 Athenas
494 2450 658 2491 venisse
696 2450 784 2504 ipso
820 2449 901 2490 hoc
929 2449 1091 2504 dialogo
1124 2449 1274 2491 diserte
1301 2448 1518 2490 indicatum
1542 2449 1616 2491 sit.
1653 2448 1737 2491 vid.

226 2499 240 2605 ’ἰ
279 2529 372 2574 pag.
405 2520 497 2562 309.
528 2522 586 2563 D:
615 2523 715 2578 5.ET
737 2515 792 2563 ’Ὠ
819 2524 866 2563 τί
892 2523 1045 2575 λέγεις;
1077 2520 1373 2576 Πρωταγόρας
1400 2518 1736 2577 ε’πιδὲδήμηλενζ,

238 2608 246 2651 3
279 2592 368 2634 ΞΩ.
417 2593 567 2645 Τρίτην
594 2608 639 2645 γε
667 2587 749 2648 ἤδη
774 2589 957 2647 ἡμέραν.
982 2617 1035 2626 -
1063 2593 1139 2634 Per
1173 2596 1414 2646 postremam
1442 2593 1605 2635 Periclis
1632 2593 1740 2634 vitae

244 2655 251 2685 ⁸·
280 2667 435 2718 partem
474 2667 560 2704 arta
590 2665 674 2707 eius
719 2666 915 2707 societate
943 2678 993 2707 ac
1024 2665 1289 2709 familiaritate
1324 2666 1584 2721 Protagoram
1624 2676 1740 2707 usum

280 2748 374 2778 esse
411 2748 465 2779 ox
502 2735 597 2778 loco
636 2749 766 2791 quem
791 2738 913 2781 modo
954 2739 1114 2799 laudavi
1152 2738 1364 2781 manifesto
1407 2741 1598 2794 apparet,
1644 2736 1740 2781 Plut.

279 2807 440 2852 Comei.
470 2810 522 2852 ad
537 2808 671 2865 Apoll.
699 2822 784 2864 cap.
800 2810 978 2854 XXXlll.
1021 2812 1142 2874 Anno
1169 2810 1263 2854 429.
1295 2813 1416 2868 igitur
1444 2810 1624 2865 Athenis
1633 2810 1740 2863 suit:

273 2883 355 2925 hoc
385 2885 490 2924 enim
520 2893 629 2925 anno
658 2886 700 2925 et
726 2883 794 2924 lilii
823 2885 941 2926 ambo
963 2889 1004 2926 et
1013 2869 1137 2938 pater
1150 2885 1375 2939 pestilentia
1391 2888 1482 2926 sunt
1498 2883 1665 2939 abrepti
1690 2882 1736 2924 ln
