1871 3204
746 141 1109 185 —107-

205 268 320 318 sflgle
350 262 393 305 τὸ
426 264 681 320 φαινόμενον
715 263 872 325 ἑκάστῳ
904 266 1027 308 τοῦτο
1056 267 1130 307 καί
1155 263 1271 316 ἔστι,
1319 275 1405 305 was
1435 263 1654 315 Remota-it,

199 337 272 379 der
301 338 365 379 die
397 339 542 381 Atome
571 341 688 381 allein
718 340 776 381 als
807 334 904 381 ὄντα
937 340 1207 391 betrachtete‚
1249 339 1360 380 nicht
1389 337 1499 380 hatte
1525 348 1653 392 sagen

197 410 397 452 konnen.“
426 437 480 444 -
509 413 611 453 haec
641 414 763 465 igitur
793 414 927 453 omnia
957 414 1116 466 quidem
1145 424 1240 452 vera
1273 417 1392 467 sunt,
1434 413 1514 452 nisi
1546 410 1656 464 quod

195 483 289 524 illud
333 486 801 538 „consequenterweise“
844 496 925 526 non
968 486 1066 526 satis
1110 485 1352 538 intelligitur.
1424 485 1505 526 Cur
1545 482 1653 524 enim

195 556 465 610 Protagorae,
506 558 540 596 si
571 556 1180 608 Democriteam—ss-philosophiam
1212 568 1311 596 suae
1341 557 1473 607 posuit
1503 555 1654 596 funda-

195 633 393 680 mentum,
433 629 553 669 atomi
590 633 631 668 et
663 629 831 681 spatium
863 628 1008 677 inane,
1046 628 1187 680 quibus
1217 632 1298 668 tota
1328 627 1393 668 illa
1425 632 1511 668 erat
1541 628 1652 675 nixa,

194 700 661 757 „consequenterweise“
698 699 819 739 missa
848 699 1034 739 facienda
1065 700 1234 750 fuerint,
1278 699 1461 752 equidem
1490 701 1648 739 nescio.

195 772 316 813 immo
347 774 403 813 ita
436 771 707 813 tantummodo
736 772 821 825 ipse
848 772 923 813 sibi
951 772 1179 813 constitisse
1209 771 1288 813 dici
1328 776 1490 826 potest,
1532 773 1568 813 si
1596 783 1650 812 ex

171 861 174 868 ·
198 845 422 884 Heraclitea
449 844 629 888 doctrina
659 856 739 884 non
769 844 896 885 solum
927 849 1122 886 mutuatus
1141 849 1203 885 est
1229 844 1442 895 nonnulla,
1471 844 1512 885 id
1541 844 1649 897 quod

200 903 447 956 Her-mannus
475 918 729 957 concessisse
748 918 843 958 satis
868 916 988 958 habet
1016 917 1132 969 („Um
1158 918 1271 957 scine
1306 916 1473 958 Ansicht
1501 916 1648 968 objec-

193 988 247 1027 tiv
274 999 324 1027 zu
352 988 588 1041 begriinden
618 988 720 1029 oder
746 988 938 1029 vielmehr
959 989 1168 1042 vorstellig
1197 1000 1248 1028 zu
1278 987 1464 1037 macheu,
1486 970 1648 1026 scheint

195 1060 436 1114 Protagoras
478 1060 696 1115 allerdings
733 1062 835 1102 auch
879 1062 1071 1102 manches
1100 1072 1171 1101 aus
1202 1060 1275 1100 der
1305 1058 1648 1100 Heracliteischen

191 1132 321 1172 Lehre
354 1144 433 1173 von
464 1133 554 1173 dem
585 1134 744 1187 ewigen
771 1133 907 1174 Flusse
937 1133 1117 1173 entlehnt
1145 1143 1207 1183 zu*
1229 1131 1389 1179 haben,
1427 1142 1545 1170 wenn
1582 1130 1648 1171 die

190 1216 271 1245 von
299 1204 428 1245 Herrn
465 1205 609 1245 Herbst
637 1206 677 1246 S.
709 1206 799 1245 115.
835 1204 1115 1257 autgeffihrten
1159 1203 1308 1243 Stellen
1351 1203 1465 1243 seine
1506 1202 1646 1242 Worte

196 1282 283 1318 treu
313 1278 684 1331 wiedergeben.“),
727 1277 799 1317 sed
828 1277 1095 1317 Heracliteum
1129 1275 1220 1317 illud
1260 1275 1310 1316 de
1338 1276 1526 1317 universa
1556 1287 1648 1316 mo-

191 1351 302 1390 tione
344 1350 527 1403 placitum
568 1351 813 1403 Protagorae
852 1359 1012 1402 quoque
1049 1347 1160 1404 οἶρχὴ
1191 1353 1302 1400 erat,
1345 1350 1389 1399 ἐξ
1421 1342 1469 1401 ἧς
1508 1346 1646 1389 πάντα

189 1417 368 1476 ἤρτηται
399 1422 517 1472 (Plat.
549 1422 711 1462 Theaet.
741 1433 833 1475 pag,
868 1422 958 1463 156.
986 1422 1070 1471 A.).
1127 1422 1224 1463 Nam
1257 1422 1334 1462 hoc
1366 1433 1417 1462 ex
1446 1422 1643 1474 principio

189 1498 376 1534 accurata
432 1495 740 1544 ratiocinatione
786 1495 1027 1548 Protagoras
1054 1499 1096 1534 ut
1123 1495 1173 1534 ad
1206 1498 1341 1535 cetera
1379 1494 1525 1547 placita
1559 1505 1645 1545 sua,

188 1559 324 1607 ita²ad
353 1578 464 1607 suum
494 1567 675 1619 pervenit
702 1564 746 1608 τὸ
780 1563 1031 1621 φὰινόμενον
1060 1562 1238 1621 ἀληθές,
1284 1566 1325 1608 id
1355 1566 1478 1621 quod,
1518 1567 1552 1607 si
1593 1578 1645 1606 cx

188 1639 408 1679 Democriti
441 1638 624 1684 doctrina
655 1643 875 1678 atomorum
909 1639 1108 1690 posuisset
1135 1643 1175 1679 et
1203 1640 1318 1692 spatii
1348 1640 1479 1679 inanis
1507 1650 1643 1679 veram

192 1711 436 1761 essentiam,
477 1712 945 1763 „consequenterweisess
983 1723 1065 1752 non
1106 1704 1314 1765 potuisset.
1385 1712 1518 1760 Quare
1563 1722 1642 1764 ego

186 1783 338 1824 Platoni
368 1783 562 1823 assentire
592 1794 675 1822 non
707 1782 870 1833 dubito,
911 1785 978 1836 qui
1006 1784 1271 1825 Heracliteam
1309 1784 1414 1826 hanc
1443 1785 1643 1837 Protago-

186 1866 345 1896 reorum
375 1854 607 1906 placitorum
638 1858 816 1895 naturam
845 1854 971 1907 probe
1003 1857 1233 1909 perspexit:
1262 1856 1343 1897 vid.
1364 1856 1527 1896 Theaet.
1551 1867 1642 1909 pag.

190 1927 282 1968 152.
309 1926 367 1967 D:
389 1920 503 1967 Ἔστι
533 1926 610 1977 μὲν
635 1925 716 1978 γὰρ
746 1925 938 1966 ου’ὃέηοτ’
967 1925 1116 1978 οὐδέν,
1145 1926 1215 1968 αἐἰ
1242 1927 1289 1968 δὲ
1316 1926 1514 1980 γίγνεται.
1572 1927 1653 1967 καὶ

185 1999 286 2053 περὶ
318 1994 463 2039 τούτου
501 1993 650 2044 πάντες
676 1993 770 2049 ἑξῆς
800 1994 839 2038 οἱ
868 1997 997 2052 σοφοί
1034 1995 1141 2052 πλὴν
1170 1997 1450 2050 Παρμενίδου
1477 1992 1642 2052 ξυμφέ-

187 2072 368 2124 ρεσθον,
408 2067 698 2123 Πρωταγόρας
737 2083 780 2111 τε
821 2068 892 2110 καί
925 2067 1196 2123 ‘Hydai-*zaroc
1236 2068 1307 2110 καὶ
1338 2063 1640 2123 Ἐμπεδοκλῆς.

187 2141 264 2183 Ubi
288 2141 419 2183 -dualis
445 2151 631 2181 numerus
660 2140 775 2181 verbi
804 2142 1099 2196 ξυμφέρεσθον
1126 2154 1148 2182 a
1168 2142 1422 2183 Stallbaumio
1452 2146 1564 2182 recte
1586 2153 1638 2182 eo

186 2214 434 2268 explicatur,
474 2213 607 2267 quod,
653 2225 878 2266 quanquam·
904 2215 1086 2255 tria-sint
1123 2210 1312 2267 nomina,
1354 2214 1433 2256 duo
1461 2218 1638 2256 tantum-

188 2287 311 2329 modo
343 2287 458 2341 quasi
485 2297 636 2342 genera
672 2285 813 2328 horum
841 2298 935 2327 esse
964 2286 1290 2341 philosophorum
1320 2287 1428 2331 Plato
1459 2287 1641 2329 indicare

164 2396 166 2399 .
196 2362 392 2412 voluerit,
421 2372 586 2414 quorum
616 2360 776 2400 alterius
801 2360 880 2401 sint
905 2360 1127 2402 Heraclitus
1156 2365 1207 2411 et,
1235 2362 1301 2413 qui
1333 2361 1439 2403 idem
1466 2361 1645 2415 posuerit

185 2445 283 2475 suae
326 2436 494 2476 rationis
535 2434 797 2488 principium,
841 2434 1114 2488 Protagoras,
1153 2433 1317 2476 alterius
1359 2434 1638 2488 EmpedocleS,

180 2506 296 2548 cuius
324 2506 375 2549 de
412 2507 590 2550 motione
617 2505 800 2561 pla-citum
839 2505 889 2547 ab
928 2506 1005 2548 illis
1043 2508 1094 2549 sit
1124 2507 1341 2551 diversum.
1399 2508 1513 2550 Cons.
1544 2518 1634 2561 pag.

188 2578 281 2619 160.
312 2578 361 2619 D.

296 2650 407 2700 Quae
439 2663 537 2693 vero
568 2651 795 2695 discrimina
828 2650 1075 2693 Hermannus
1116 2652 1317 2695 interesse
1359 2650 1509 2693 monuit
1539 2649 1639 2690 Pro-

187 2728 358 2778 tagorae
388 2725 501 2766 inter¹
520 2730 560 2765 et
588 2726 775 2767 Heracliti
801 2724 969 2778 placita,
1007 2726 1068 2765 eis
1112 2730 1223 2784 certe
1252 2724 1514 2766 Heracliteum
1544 2733 1639 2763 esse

189 2797 462 2853 Protagoreae
490 2798 765 2854 philosophiae
812 2797 1110 2841 fundamentum
1156 2810 1403 2853 nequaquam
1432 2794 1641 2838 refellitur.

188 2868 464 2927 Theophrasto
493 2876 657 2916 auctore
688 2873 760 2925 (de
789 2871 902 2920 Seus.
932 2857 1095 2924 §.⁹270
1135 2884 1186 2914 ex
1213 2871 1480 2925 Anaxagorae
1508 2869 1641 2911 Hera—
