1871 3204
824 160 882 168 —-
962 135 1053 183 146
1130 158 1230 175 —-

268 262 460 305 mercede
485 262 589 301 haec
623 259 725 300 suit.v
746 259 938 305 Euathlus
967 258 1211 303 adolescens
1244 241 1645 318 divesgffeloquentiae
1675 256 1740 296 di·-

270 334 450 379 scendae
493 343 720 385 causasque
763 331 906 373 orandi
953 332 1122 385 cupiens
1167 330 1287 374 luit·
1333 329 1370 370 ls
1410 331 1453 371 in
1493 330 1743 384 disciplinam

268 409 512 460 Protagorae
542 417 589 446 se
621 404 761 455 dedit,
789 404 1051 457 daturumque
1077 390 1261 457 promisit
1287 402 1517 443 mercedem
1549 402 1743 456 grandem

265 479 506 533 pecuniam,
549 482 737 530 quantam
782 478 1026 531 Protagoras
1067 476 1291 529 petiverat3
1334 475 1620 528 dimidiumque
1657 476 1745 515 eius

273 607 277 611 Ὺ
348 551 356 559 ’
387 554 500 595 ,ωηο
529 551 607 591 iam
636 551 767 591 statim
799 551 1028 604 priusquam
1058 549 1263 600 disceret„
1303 548 1535 602 pepigitque
1574 550 1615 586 ut
1643 545 1743 586 reli-

239 550 634 746 erdimidium
674 624 790 665 daret
829 636 908 677 quo
951 624 1080 676 primo
1112 622 1189 663 =die
1230 633 1391 664 causam
1433 620 1540 673 apud
1583 619 1739 667 iudices

283 739 288 745 ,
359 700 424 738 set
455 699 496 737 et
525 696 702 748 vicisset.
761 696 905 737 Postea
939 707 1058 749 quum
1099 695 1248 747 diutule
1286 692 1446 735 auditor
1483 696 1737 735 assectator-

261 780 341 822 que
367 760 618 822 Protagorae
662 768 805 808 suisset
833 772 874 808 et
903 769 942 809 in
968 768 1105 809 studio
1136 767 1305 821 quidem·
1329 766 1543 808 facundiae
1574 765 1734 816 abunde

255 842 557 896 promovisset,
589 853 735 884 causas
763 846 896 882 tamen
924 852 1009 891 non
1037 841 1240 894 reciperet
1269 845 1502 895 tempusque
1531 839 1609 881 iam
1636 839 1734 883 lon-

256 926 352 967 gum
382 918 692 966 transcurreret,
726 918 767 953 et
797 913 934 958 facere
962 914 1003 954 id
1030 898 1237 953 videretur
1267 926 1319 953 ne
1347 913 1540 966 reliquum
1570 924 1732 953 merce-

257 985 320 1029 dis
362 976 504 1028 daret:
547 985 654 1039 capit
692 985 906 1027 consilium
947 985 1221 1039 Protagoras,
1263 990 1306 1026 ut
1338 990 1418 1027 tum
1463 984 1730 1034 existimabat,

255 1063 443 1100 astutum.
520 1058 661 1099 Petere
679 1048 681 1050 ¹
699 1059 875 1099 instituit·
914 1070 966 1098 ex
1013 1063 1132 1110 pacto
1173 1058 1434 1100 mercedem:
1483 1058 1591 1101 litem
1639 1070 1728 1099 cum

255 1131 426 1173 Euathlo
458 1135 735 1181 contestatur,
778 1134 819 1171 et
853 1142 971 1183 quum
1005 1129 1056 1171 ad
1087 1130 1241 1172 iudices
1271 1130 1556 1178 coniiciendae
1583 1131 1729 1171 consi-

252 1204 506 1257 stendaeque
533 1215 682 1244 causae
703 1204 833 1256 gratia
867 1189 1088 1253 venissent,
1122 1207 1202 1244 tum
1235 1202 1480 1256 Protagoras
1508 1203 1728 1249 sicsexor-

252 1288 324 1319 sus
355 1281 444 1317 est:
473 1263 614 1325 Disce,
644 1276 785 1328 inquit,
812 1274 1046 1317 stultissime
1075 1274 1326 1326 adolescens,
1351 1278 1525 1327 utroque
1550 1274 1728 1318 idmodo

249 1349 344 1404 fore
374 1353 419 1389 ut
448 1348 600 1390 reddas
629 1348 739 1401 qnod
760 1352 856 1400 peto
874 1378 887 1399 ,
931 1347 1021 1388 sice
1053 1351 1206 1390 eontra,
1236 1351 1275 1388 te
1300 1347 1607 1401 pronuntiatum
1636 1348 1727 1397 erit,

253 1422 344 1467 sive
365 1433 448 1473 pro
474 1425 525 1463 te.
547 1465 549 1467 f
584 1412 691 1462 Nam
718 1421 757 1461 si
784 1424 930 1463 contra
959 1424 997 1460 te
1029 1419 1208 1472 lisdata
1236 1420 1337 1471 erit,
1364 1432 1522 1461 merces
1548 1420 1645 1461 milti
1674 1432 1727 1459 ecc

253 1494 455 1538 sententia
483 1492 717 1544 debebitur,
758 1492 856 1545 qnia
895 1504 967 1545 eqo
1005 1491 1144 1533 vicero
1160 1507 1175 1532 .-
1202 1492 1276 1533 εἰη
1307 1504 1406 1534 vero
1437 1492 1657 1534 secundum
1692 1496 1729 1533 te

255 1566 477 1608 iudicatum
504 1565 594 1616 erit,
621 1556 777 1605 merces
806 1564 904 1605 mila·
936 1577 989 1604 ex
1014 1568 1140 1616 pacto
1165 1563 1399 1615 debebitur,
1421 1565 1519 1617 quia
1544 1570 1587 1605 tu
1613 1565 1727 1606 vice-

256 1637 330 1680 ris.
389 1622 453 1679 Ad
486 1649 535 1679 ea
564 1636 775 1691 respondit
801 1635 1016 1677 Euathlus:
1046 1635 1189 1687 Potui,
1220 1622 1373 1690 inquit,
1404 1637 1498 1678 hnic
1525 1641 1619 1678 tuae
1647 1641 1728 1679 tum

255 1711 425 1764 ancipiti
454 1710 635 1763 captioni
657 1710 742 1750 isse
768 1708 930 1750 obviam
946 1740 959 1760 ,
1002 1709 1041 1749 si
1070 1708 1201 1749 verba
1226 1722 1309 1750 non
1338 1710 1428 1761 ipse
1456 1711 1639 1763 facerem
1661 1716 1729 1751 at-

255 1796 334 1838 que
371 1783 453 1825 alio
491 1787 671 1836 patrono
713 1787 864 1824 uterer.
889 1796 891 1798 ’
922 1781 1004 1823 Sed
1041 1782 1175 1824 maius
1216 1782 1313 1823 milti
1354 1783 1404 1824 in.
1435 1783 1520 1824 ista
1555 1784 1730 1830 victoria

251 1856 487 1910 prolubium
525 1860 608 1907 est,
646 1866 768 1908 quum
795 1860 832 1895 te
860 1867 942 1899 non
982 1854 1026 1895 in
1055 1867 1185 1895 causa
1214 1848 1367 1896 tardum
1380 1886 1392 1906 ,
1431 1857 1506 1897 sed
1531 1856 1574 1897 in
1602 1869 1731 1910 arqu-

254 1933 387 1976 mento
426 1940 584 1981 quoque
623 1928 703 1968 isto
742 1927 876 1969 vincor.
936 1926 1061 1968 Disce
1091 1927 1213 1979 ἱρέων
1241 1931 1285 1966 tu
1322 1940 1480 1979 quoque
1493 1959 1504 1978 ,
1540 1930 1732 1982 maqister

256 2000 583 2055 sapientissime,
620 2004 792 2052 utroque
820 1999 937 2049 modo
961 1999 1055 2053 fore
1084 1998 1144 2039 uti
1169 2011 1252 2040 non
1285 2000 1452 2041 reddam
1477 2001 1586 2052 quod
1607 2002 1727 2054 petis,

256 2074 347 2114 sive
377 2078 521 2113 contra
548 2084 611 2116 me
638 2071 955 2124 pronunciatum
980 2071 1079 2121 erit,
1108 2071 1198 2110 sive
1219 2083 1300 2122 pro
1332 2085 1406 2112 me.
1466 2072 1571 2113 Nam
1597 2074 1636 2114 si
1662 2074 1730 2113 iu·-

257 2146 369 2190 ὤεα
393 2157 475 2198 pro
505 2154 636 2186 causa
664 2156 756 2184 mea
783 2142 1001 2193 senserint,
1031 2142 1131 2185 nihil
1160 2142 1232 2184 tibi
1259 2156 1312 2184 ecc
1339 2144 1537 2188 sententia
1566 2145 1729 2187 debebi-

259 2222 326 2260 tur
339 2248 353 2267 ‚
394 2218 492 2270 qnia
521 2228 593 2270 eqo
620 2217 772 2257 vicero.
810 2217 820 2224 “
833 2215 907 2256 Sin
937 2220 1080 2256 contra
1118 2228 1181 2255 me
1201 2217 1588 2269 pronuntiaverint,
1612 2219 1731 2260 nihil

261 2290 332 2332 tibi
360 2302 413 2331 ex
437 2293 562 2342 pacto
591 2288 740 2330 debebo
761 2319 776 2340 ,
823 2288 921 2341 quia
949 2300 1032 2329 non
1062 2289 1222 2338 vicero..
1272 2289 1370 2331 Tum
1397 2289 1551 2332 iudices
1583 2290 1730 2332 dubio-

261 2374 351 2409 sum
380 2362 459 2403 hoc
501 2361 862 2417 inexplicabileque
892 2373 985 2403 esse
1024 2361 1131 2415 quod
1160 2362 1361 2415 utrimque
1394 2361 1603 2405 dicebatur
1637 2365 1726 2416 rati,

261 2446 315 2477 ne
344 2436 542 2476 sententia
568 2447 689 2487 suas
714 2440 1002 2487 utramcunque
1047 2436 1087 2477 in
1129 2440 1281 2487 partem
1323 2434 1428 2475 dicta
1468 2441 1602 2487 esset,
1642 2438 1728 2490 ipsa

259 2519 356 2551 sese
386 2507 665 2560 rescinderet,
711 2520 796 2553 rem
835 2507 1093 2551 iniudicatam
1138 2507 1385 2559 reliquerunt
1418 2506 1728 2568 causamqueffn

262 2582 370 2622 diem
409 2579 682 2632 longissimam
725 2582 998 2621 distulerunt.“
1039 2587 1080 2621 et
1123 2594 1161 2632 q.
1203 2591 1315 2632 seqq.
1387 2580 1615 2623 Simillimus
1665 2588 1727 2623 est

260 2653 376 2695 locus
405 2650 566 2705 Apulei-i
596 2652 742 2694 Florid.
770 2653 839 2694 lib.
869 2653 932 2696 tv,
964 2664 1006 2693 n.
1039 2653 1089 2694 18
1108 2683 1120 2704 ,
1162 2652 1230 2704 qui
1258 2652 1380 2692 verba
1414 2665 1551 2695 coram
1580 2653 1725 2694 iudici-

259 2727 335 2769 bus
372 2726 474 2769 haec
516 2724 630 2788 facta⁸
665 2737 757 2767 esse
794 2730 953 2774 narrat:
995 2724 1125 2779 „Nam
1165 2722 1254 2766 sive
1292 2738 1362 2780 eqo
1393 2711 1562 2777 vicero,
1603 2727 1728 2781 inquit

257 2800 574 2854 (Protagoras),
602 2796 763 2838 solvere
790 2799 1011 2853 mercedem
1039 2796 1201 2839 debebis
1227 2802 1272 2838 nt
1294 2799 1583 2840 condemnatus
1597 2813 1610 2838 .·
1653 2811 1727 2840 seu

252 2876 296 2914 tu
326 2871 491 2924 viceris,
519 2870 644 2913 nihilo
677 2870 807 2912 minus
837 2870 1006 2913 reddere
1030 2868 1191 2912 debebis
1218 2875 1263 2911 ut
1284 2876 1459 2926 pactus,
1482 2870 1633 2926 quippe
1658 2872 1729 2925 qui
