1871 3204
775 150 1137 196 —172-

230 270 336 312 Prot.
378 282 470 323 pag.
501 270 597 309 315.
628 269 677 310 A.
748 269 873 309 Conf.
909 269 1096 311 Themist.
1139 270 1249 311 Orat.
1280 269 1423 314 XXIX.
1468 283 1558 326 pag.
1591 271 1689 312 347.

228 348 288 395 (p.
317 340 412 383 419.
440 339 598 391 Dind..)
1091 358 1094 362 ·

340 412 689 465 Archagoras
728 412 925 454 Theodoti
960 412 1083 463 filius,
1126 413 1193 466 qui
1229 412 1474 466 Protagorae
1510 413 1564 454 de
1597 377 1691 462 deis

194 527 202 532 ,
226 487 367 526 librum
398 485 438 525 in
459 484 593 539 Lyceo
627 486 825 527 recitasse
857 499 879 527 a
901 485 1102 530 nonnullis
1127 486 1291 527 dicitur:
1324 485 1405 527 vid.
1421 487 1540 540 Diog.
1559 486 1696 527 Laert.

227 558 293 600 lib.
321 557 392 599 lx.
424 563 462 609 §.
495 557 562 600 54.
593 565 707 613 (pag.
738 558 829 611 75.)

160 673 165 690 f
335 630 540 687 Gna-illas
568 632 779 685 Hipponici
807 633 934 683 filius,
977 644 1092 685 quem
1121 623 1169 672 'in
1200 631 1449 684 excipiendis
1481 630 1688 672 colendis-
1736 654 1740 661 «

223 689 524 756 quesophistis
554 704 771 744 immensas
802 704 1074 744 consumsisse
1103 703 1262 744 divitias
1291 707 1468 744 constat:
1499 701 1579 743 vid.
1595 701 1687 743 Plat.

142 762 149 816 J
219 773 327 813 Prot.
346 773 545 828 pag.314.
562 774 608 825 D,
638 774 733 815 315.
756 775 804 825 D,
833 773 950 827 Apol.
980 775 1100 816 Socr.
1130 787 1222 829 pag.
1247 775 1313 816 20.
1343 775 1394 826 A,
1415 773 1565 828 ‘Cratyl
1596 786 1689 828 pag.

138 874 141 897 z
219 845 316 887 391.
342 846 373 887 C
386 860 398 896 3
428 846 570 900 Lysias
587 846 637 887 de
655 846 749 887 bon.
768 846 971 899 Aristoph.
987 854 1078 900 pag.
1094 846 1190 898 649,¹
1221 847 1408 888 Themist.
1427 847 1537 888 Orat.
1549 846 1689 888 XX-lll.

139 905 144 952 ἰ
223 930 316 972 pag.
349 918 442 959 294.
489 920 605 969 (355.
637 919 779 970 Dina.)
821 923 862 960 et
899 919 969 961 0r.
997 919 1142 960 xxix.
1184 932 1275 973 pag.
1304 920 1399 962 347.
1440 920 1687 971 (419.1).)‚

144 981 150 1027 5
228 990 376 1032 Athen.
394 990 461 1032 lib.
477 991 563 1032 ΧΠ.
582 1003 673 1045 pag.
690 991 787 1032 537.
801 991 828 1032 B
844 991 886 1043 C,
903 991 1096 1036 Boeckhii
1109 991 1384 1033 Staatshaush.
1400 991 1472 1033 der
1483 992 1576 1033 Ath.
1592 995 1687 1032 tom.

225 1062 276 1104 ll.
305 1075 397 1119 pag.
432 1064 496 1105 15.
555 1063 793 1118 Copiosiore
823 1064 874 1105 de
903 1063 1025 1106 Callia
1071 1064 1325 1118 expositione
1354 1068 1397 1107 ut
1422 1064 1689 1119 supersedere

226 1138 379 1189 pos'sim
424 1135 560 1176 effecit
607 1137 831 1177 Meinekius
874 1136 1031 1190 Fragm.
1071 1137 1182 1177 Com.
1227 1137 1371 1178 Graec.
1412 1136 1491 1178 vol.
1523 1137 1553 1177 1.
1596 1148 1688 1190 pag.

227 1209 321 1249 131.
359 1213 400 1249 et
425 1221 463 1262 q.
489 1220 602 1262 seqq.
635 1208 841 1262 Eupolidis
854 1209 1159 1250 Assenlatorum
1175 1208 1425 1263 fragmentis,
1448 1221 1525 1263 qua
1541 1208 1688 1251 Calliae

222 1293 312 1322 cum
330 1281 521 1334 sophistis
541 1281 704 1321 vivendi
718 1283 820 1327 ratio
837 1282 1052 1332 ridebatur,
1065 1282 1307 1335 Protagoras
1320 1286 1563 1323 memoratur
1576 1293 1692 1325 com-

220 1354 389 1407 pluries:
406 1353 486 1394 vid.
501 1366 594 1408 pag.
613 1353 703 1397 169.
722 1353 766 1395 ln
782 1354 918 1407 primis
931 1354 1173 1408 Protagorae
1186 1354 1435 1396 auditoribus
1452 1358 1688 1401 recensetur

223 1428 317 1470 Plat.
334 1427 437 1467 Prot.
453 1439 545 1480 pag.
557 1426 699 1484 314.ss
714 1440 726 1478 ;
742 1429 846 1467 conf.
861 1426 969 1479 Crat.
982 1439 1073 1480 pag.
1088 1426 1185 1472 391.
1199 1427 1243 1478 B,
1264 1423 1685 1482 Xenopbgsympss'mp.

221 1493 256 1541 1.
272 1493 365 1549 §.‘5.
392 1499 630 1540 Theodorus
657 1499 944 1557 Thfiaetrtifig·
969 1498 1058 1549 164.
1070 1499 1108 1550 E>¹
1131 1504 1174 1540 ut
1200 1511 1282 1540 non
1312 1501 1399 1553 ipse
1428 1500 1692 1541 constituatur

231 1563 471 1625 Protagorei
501 1572 635 1624 placiti
663 1556 940 1623 propugnator
966 1571 1122 1621 suadet,
1150 1571 1224 1612 sed
1242 1571 1404 1623 Callias,
1433 1573 1499 1624 qui
1525 1573 1576 1612 sit
1606 1573 1690 1612 τῶν

225 1644 388 1686 ἐκείνου
417 1640 655 1696 ἐπίτροπος.
683 1667 737 1675 —
771 1642 1009 1684 Mendaeum
1041 1643 1212 1697 appellat
1228 1643 1435 1685 Herbstius
1465 1656 1558 1698 pag.
1592 1643 1687 1685 157.

226 1717 450 1757 Antimoeri
465 1716 631 1768 patriam
648 1715 888 1755 Atheniensi
901 1715 1165 1756 Melitensium
1179 1727 1285 1769 pago
1299 1717 1475 1768 ascripto
1496 1716 1688 1756 tribuens.

340 1786 1061 1846 Charmides''Glauconisiiliusvz
1093 1788 1198 1838 Prot.
1226 1787 1436 1843 p,ag.„.,315.
1456 1788 1535 1845 A
1570 1788 1688 1830 Ado-

223 1861 387 1901 lescens
416 1848 642 1901 erat‘omni
672 1873 724 1900 ex
752 1865 864 1912 parte
895 1862 1088 1900 eximius:
1120 1861 1201 1901 vid.
1219 1861 1367 1902 Groen.
1396 1874 1434 1901 v.
1455 1861 1690 1901 Prinstereri

221 1931 544 1989 Prosopograph.
571 1931 726 1976 Platon.
759 1944 851 1989 pag.
885 1931 978 1976 213.
1011 1933 1052 1976 et
1080 1945 1119 1988 q.
1148 1945 1233 1988 seq.

332 2007 888 2066 Euathlum-Protagorae
917 2011 1043 2046 artem
1067 2007 1207 2047 decem
1234 2006 1404 2047 millibus
1434 2006 1689 2048 denariorum

231 2078 310 2119 sibi
349 2068 529 2132 paratam
572 2078 752 2121 edidisse
794 2082 932 2120 narrat
963 2078 1123 2127 Quintil.
1159 2078 1226 2120 lib.
1254 2078 1319 2120 111.
1361 2090 1447 2132 cap.
1477 2078 1506 2120 1.
1553 2087 1591 2132 §.
1625 2079 1689 2121 10.

225 2152 321 2192 Cum
336 2152 556 2205 Protagora
587 2151 639 2192 de
672 2150 1121 2197 scholarummercede
1149 2151 1330 2205 litigasse
1360 2151 1502 2193 dicitur
1525 2164 1546 2193 a
1563 2152 1689 2194 Gellio

220 2224 338 2266 Noct.
368 2225 449 2266 Att.
483 2224 551 2266 lib.
586 2223 634 2265 V.
680 2236 768 2277 cap.
802 2224 877 2274 10,
923 2223 1093 2277 Apuleio
1131 2223 1235 2266 Flor.
1276 2223 1344 2265 lib.
1375 2224 1439 2280 Ν.
1471 2237 1576 2271 num.
1613 2226 1689 2277 18,

222 2297 406 2350 Diogene
435 2296 503 2337 lib.
529 2297 596 2337 lx.
628 2301 665 2347 §.
696 2297 774 2348 56,
821 2297 973 2337 Ioanne
1012 2296 1210 2339 Sarisber.
1247 2296 1387 2338 Policr.
1416 2297 1483 2337 lib.
1514 2297 1559 2338 V.
1601 2309 1689 2351 cap-

229 2369 295 2409 12.
355 2368 440 2417 Qua
471 2368 522 2409 de
554 2380 678 2419 causa
709 2372 796 2410 utut
823 2367 1074 2411 sta-tuendum
1103 2373 1170 2411 est.
1193 2367 1307 2420 (vide
1332 2379 1425 2423 pag.
1458 2366 1547 2411 145.
1577 2372 1618 2410 et
1647 2380 1687 2424 q.

223 2428 396 2496 seqq.j‚
437 2443 582 2494 aliquid
615 2446 726 2484 certe
769 2442 977 2506 simultatis
1005 2444 1044 2483 ei
1075 2456 1163 2484 cum
1191 2443 1385 2494 magistro
1417 2447 1544 2481 ortum
1572 2444 1691 2482 vide-

224 2519 312 2557 tur:
353 2523 445 2553 nam
485 2513 643 2555 Laertio
690 2517 856 2555 auctore
883 2512 951 2555 lib.
981 2512 1049 2557 IX.
1086 2516 1123 2564 ς.
1151 2511 1219 2557 54.
1252 2511 1355 2565 [vid.
1382 2523 1472 2569 pag.
1503 2513 1591 2569 75.)
1638 2514 1689 2558 ab

220 2586 444 2631 Aristotele
475 2587 663 2628 Euathlus
692 2588 964 2641 Protagoram
1005 2589 1219 2641 impietatis
1249 2598 1464 2628 accusasse
1497 2588 1689 2640 perhibe-

219 2666 306 2702 tur:
360 2658 470 2701 conf.
513 2658 689 2700 Cramer.
739 2658 896 2718 Aneed.
952 2659 1077 2702 Paris
1126 2658 1217 2702 vol.
1235 2657 1263 2701 Ι.
1318 2670 1432 2714 pag.
1451 2659 1542 2702 172.
1568 2657 1687 2750 {vid-

220 2746 313 2787 vag·
346 2733 439 2783 76)
483 2746 487 2750 ·
1633 2748 1649 2760 ···

363 2804 709 2858 Hippocrate
724 2802 1039 2859 inv—Apollodori
1075 2804 1194 2846 filium
1221 2803 1515 2846 Atheniensem
1553 2803 1683 2856 amplo

223 2883 341 2931 atque
370 2877 496 2919 nobili
523 2887 678 2931 genere
710 2878 847 2915 natum
876 2876 990 2926 [Plat.
1022 2878 1127 2918 Prot.
1158 2888 1250 2930 pag.
1280 2877 1362 2918 316
1394 2877 1461 2926 Β.)
1500 2887 1545 2916 re
1586 2888 1683 2917 vera
