1871 3204
772 155 1131 199 —122—

225 275 502 330 percipiendas
541 274 669 326 magis
697 279 787 314 sunt
816 279 920 326 apta.
948 302 1001 308 -—
1030 274 1137 315 Haec
1165 279 1227 315 est
1256 278 1451 318 sententia
1480 277 1671 319 orationis

226 349 509 402 Protagoreae‚
537 344 663 399 qualis
693 345 786 386 Piat.
817 344 921 387 Prot.
951 357 1044 401 pag.
1072 345 1165 388 390.
1199 346 1229 387 C
1247 346 1411 389 -328.
1439 347 1482 389 Β.
1511 349 1669 404 legitur,

218 423 355 475 paucis
387 418 520 460 verbis
548 418 851 471 comprehensa.

784 630 987 664 CAPU'D
1016 630 1089 664 11.

324 751 403 792 Iam
435 751 485 792 ad
512 753 638 805 ipsam
668 753 893 793 transituris
923 751 1169 805 disciplinam
1211 753 1375 806 primum
1416 764 1464 794 ea
1503 765 1664 807 cogno-

209 837 329 865 scere
360 829 566 878 opusxest‚
599 825 742 878 quibus
773 827 878 866 viam
910 825 1219 877 quodammodo,
1245 813 1325 879 quav
1351 824 1402 867 ad
1431 830 1554 866 artem
1586 838 1663 879 po-

203 897 351 938 liticam
382 896 565 950 discipuli
592 896 871 952 accederent,
900 897 1064 937 munire
1084 896 1263 938 solebat:
1294 895 1345 939 τά
1379 896 1460 952 πρὸ
1497 900 1574 951 τῆς
1596 898 1661 938 τὲ-

200 982 304 1021 χνης
343 968 552 1020 ἀναγκαῖα
591 965 854 1021 μαθήματα,
896 972 939 1009 ut
976 967 1151 1008 Platonis
1191 974 1279 1009 utar
1318 970 1452 1010 verbis
1493 969 1659 1011 Phaedr.

200 1052 293 1093 pag.
322 1039 417 1080 269.
445 1040 491 1091 B.
522 1040 639 1081 Conf.
661 1040 782 1081 Arist.
805 1040 905 1082 Nub.
933 1054 971 1081 v.
987 1039 1081 1082 657.
1109 1040 1152 1081 In
1171 1040 1312 1093 quibus
1339 1039 1443 1082 haud
1473 1040 1659 1093 exiguum

204 1112 532 1167 obtinentlocum
563 1112 731 1153 studia
762 1113 1113 1171 grammatica,
1149 1124 1250 1166 quae
1268 1112 1439 1159 maxime
1455 1113 1495 1152 in
1513 1117 1659 1166 poeta.-

201 1196 287 1225 rum
297 1186 623 1237 interpretatione
636 1172 909 1226 versabantur.
923 1185 1009 1226 vid.
1020 1185 1113 1227 Plat.
1124 1185 1226 1227 Prot.
1239 1197 1327 1239 pag.
1338 1184 1433 1236 338.
1445 1183 1495 1226 E:
1506 1181 1658 1237 Ἡγοῦ-

199 1272 295 1308 μαι,
316 1254 414 1311 ἔφη,
434 1251 471 1298 αἶ
488 1258 723 1310 Σώκρατες,
740 1256 835 1310 ἐγώ,
851 1256 978 1310 α’νδρῐ
991 1258 1183 1305 παιδείας
1197 1258 1394 1309 μέγιστον
1405 1258 1532 1309 μέρος
1550 1251 1658 1298 εἶναι

197 1330 298 1380 περί
309 1329 420 1369 ἐπῶν
433 1327 569 1369 δεινὸν
579 1323 700 1369 εἶναι.
716 1327 803 1370 ἔστι
819 1331 864 1370 δὲ
878 1331 1000 1370 τοῦτο
1012 1327 1060 1370 τὰ
1075 1327 1154 1369 §ab
1166 1330 1245 1370 τῶν
1257 1331 1437 1382 ποιητῶν
1451 1328 1654 1381 λεγόμενα

199 1395 291 1441 οἶόν
308 1399 341 1440 τ’
362 1396 469 1441 εἶναι
490 1401 672 1449 ξυνιέναι
687 1396 762 1441 ἅτε
778 1399 919 1453 ὀρθῶς
932 1400 1146 1454 πεποίηται
1163 1396 1279 1447 ataid?
1295 1399 1369 1453 μή,
1394 1400 1465 1440 καί
1482 1402 1655 1440 ἐπίστα-

201 1474 307 1512 σθαι
327 1472 479 1513 διελεῖν
508 1486 551 1512 τε
576 1473 648 1512 καί
667 1470 936 1525 ἐρωτώμενον
955 1469 1074 1523 λόγον
1088 1473 1247 1513 «tostae.
1278 1473 1395 1519 Cuius
1409 1473 1573 1526 generis
1592 1473 1656 1513 lu-

209 1543 409 1583 culentum
440 1542 659 1596 exemplum
691 1548 753 1583 est
782 1543 884 1596 apud
906 1543 1104 1583 Platonem
1120 1544 1225 1602 Prot-,¹
1254 1555 1346 1597 pag.
1369 1544 1463 1584 339.
1482 1568 1535 1576 -
1555 1544 1650 1585 347.

204 1615 448 1670 Protagoras
464 1615 583 1665 enim,
614 1626 717 1667 quae
744 1615 795 1655 sit
824 1627 895 1655 sua
925 1616 1023 1667 περί
1051 1615 1163 1656 ἐπῶν
1192 1614 1372 1669 δεινότης
1400 1615 1654 1656 demonstra-

199 1691 332 1735 turus,
374 1686 590 1727 Simonidis
618 1687 804 1739 proponit
833 1698 993 1727 carmen
1036 1687 1247 1739 epinicium
1270 1677 1436 1740 'Scopae
1465 1687 1652 1727 Creontis

199 1758 279 1800 filio
309 1758 501 1800 Thessalo
546 1759 761 1812 scriptum,
808 1757 858 1799 de
891 1770 968 1811 quo
1000 1758 1078 1799 vid.
1107 1747 1402 1800 Schneidewini
1431 1758 1648 1803 Simonidis

196 1844 320 1874 carm.
350 1832 489 1884 reliqu.
518 1843 608 1886 pag.
632 1833 693 1873 15.
726 1836 766 1871 et
787 1843 824 1884 q.
842 1843 953 1885 seqq.
984 1831 1242 1886 eiusdemque
1257 1831 1407 1877 Delect.
1437 1844 1526 1886 pag.
1544 1831 1651 1882 379;

130 1908 138 1916 ’
198 1916 390 1946 excusum
419 1908 480 1945 est
509 1906 627 1944 etiam
658 1904 830 1945 Platonis
857 1903 920 1944 ed.
950 1903 1078 1945 Turio.
1111 1916 1201 1958 pag.
1236 1905 1326 1946 176.
1375 1904 1489 1953 Quod
1508 1916 1651 1958 poema

195 1988 279 2019 non
308 1975 414 2018 benc
459 1977 720 2030 compositum
763 1987 855 2018 esse
899 1977 953 2017 ita
983 1976 1242 2018 demonstrat.
1300 1976 1552 2029 Simonides,
1584 1977 1650 2016 in-

193 2049 302 2103 quit,
346 2049 387 2089 in
416 2048 588 2102 Scopam
616 2049 800 2089 Creontis
832 2048 951 2088 filium
992 2060 1153 2089 carmen
1185 2049 1371 2101 scripsit,
1420 2048 1530 2088 cuius
1572 2048 1652 2089 hoc

192 2126 253 2163 est
280 2121 455 2163 initium:

345 2198 492 2258 ’Avdp’
520 2202 684 2256 ἀγαθὸν
717 2204 796 2255 μὲν
825 2203 1018 2250 ἀλαθέως
1044 2205 1240 2256 γενέσθαι
1271 2200 1469 2256 χαλεπόν,

356 2281 501 2332 χερσίν
534 2293 577 2319 τε
606 2277 679 2318 καί
710 2279 809 2319 ποσὶ
847 2273 920 2318 mit*
949 2277 1029 2334 νόῳ
1060 2276 1335 2332 τετράγωνον,
1374 2271 1474 2317 ἄνευ
1508 2275 1641 2331 ψόγου

818 2342 820 2345 ’
1157 2348 1417 2401 τετυγμένον.

185 2431 441 2485 Nequaquam
471 2444 569 2474 vero
598 2433 702 2474 bene
733 2432 996 2485 compositum
1026 2437 1089 2490 est
1130 2432 1288 2488 (καλῶς
1323 2434 1542 2486 πεποίηται
1571 2431 1644 2474 καὶ

183 2502 345 2557 ὀρθῶς)
364 2516 541 2557 carmen,
569 2506 608 2546 in
630 2517 708 2558 quo
739 2505 815 2545 sibi
837 2506 923 2558 ipse
941 2517 1023 2546 non
1041 2503 1231 2546 constans
1251 2505 1451 2545 contraria
1469 2505 1641 2559 loquitur

185 2581 306 2630 poeta
325 2576 515 2632 (ἐναντία
546 2579 653 2630 λέγει
685 2574 814 2625 αὕτός
840 2576 958 2634 αὑτῷ
987 2576 1006 2619 ὃ
1037 2574 1241 2631 ποιητής).
1273 2575 1364 2618 Atio
1395 2578 1499 2619 enim
1530 2579 1642 2619 eius-

191 2650 281 2691 dem
314 2648 505 2690 carminis
532 2648 621 2689 loco
653 2650 757 2690 idem
788 2650 1015 2691 Simonides
1042 2650 1121 2690 hoc
1151 2650 1229 2689 ait:

355 2730 471 2774 Ου’δὲ
499 2728 573 2783 μοι’
602 2730 811 2783 ἐμμελέως
840 2730 885 2774 u}
919 2730 1175 2775 Πιττάκειον
1204 2734 1381 2785 νέμεται,

348 2805 504 2844 Καίτοι
533 2804 669 2856 σοφοῦ
709 2805 819 2857 παρὰ
853 2805 991 2859 ([ωτὸς
1024 2806 1265 2857 εἰρημένον·
1318 2803 1503 2857 χαλεπόν
1533 2804 1639 2858 φάτ’

1039 2887 1041 2892 ’
1082 2874 1414 2930 aotdvi'pemvm.
