1871 3204
713 114 725 118 γ’
797 144 1024 189 -112
1095 168 1154 176 —

254 285 326 314 sua
371 273 422 314 de
465 282 597 314 rerum
637 263 775 312 natura
818 275 859 311 et
885 270 1040 324 singula
1069 283 1092 312 e
1123 270 1291 325 singulis
1329 271 1539 315 deduxerit
1567 277 1612 315 et
1636 284 1705 313 ar-

255 347 304 386 tis
335 343 567 385 dialecticae
591 345 770 396 posuerit
800 341 1078 395 fundamenta,
1108 347 1240 385 tamen
1260 375 1273 395 ,
1304 343 1372 385 ubi
1402 345 1490 385 sive
1518 357 1605 386 cum
1632 357 1704 387 usu

252 417 407 469 legibus
451 416 659 467 sacrisque
687 415 997 456 institutionibus
1030 417 1187 457 sancito
1216 416 1302 465 sive
1335 427 1423 457 cum
1452 417 1577 469 ipsius
1605 429 1705 470 pro-

251 488 372 528 bitate
400 499 632 540 morumque
659 487 892 527 sinceritate
922 491 1173 540 pugnarent,
1214 486 1280 528 illa
1311 487 1430 528 missa
1461 487 1598 529 facere
1622 500 1704 529 non

252 553 469 600 dubitasse.
530 559 646 608 Quod
675 564 716 601 ut
753 559 991 613 philosopho
1023 561 1108 600 iure
1154 560 1309 601 crimini
1349 564 1514 610 vertas,
1556 559 1706 601 homini

250 631 358 671 laudi
401 632 626 673 ducendum
655 636 728 673 est.
788 632 904 681 Quod
935 633 1105 674 maxime
1132 632 1252 686 igitur
1283 631 1403 685 vulgo
1433 631 1484 672 de
1513 631 1704 684 sophistis

250 704 465 754 clamitant,
494 715 545 743 ex
565 705 740 756 ipsorum
771 705 953 745 doctrina
980 707 1047 745 uni
1079 706 1222 757 cuique
1252 704 1401 745 homini
1426 705 1570 745 bonum
1598 716 1705 754 esse,

249 775 356 816 unde
387 775 639 816 commodum
680 776 717 816 ei
747 776 908 829 aliquod
937 781 1054 830 atque
1084 777 1232 818 lucrum
1262 776 1476 818 redundet:
1525 776 1565 817 id
1602 777 1704 817 Pro-

251 855 415 902 tagoras
442 849 573 902 planis
599 849 741 889 verbis
764 854 900 903 negat.
957 849 1044 890 Non
1075 852 1180 890 enim
1209 852 1274 903 qui
1305 849 1504 901 iucunde,
1534 850 1568 890 is
1596 861 1702 890 con-

252 922 362 962 tinuo
407 922 511 961 bene
550 921 672 971 vivit,
713 921 786 961 sed
827 921 895 974 qui
925 920 1108 962 honeste.
1165 922 1295 974 Atque
1337 921 1587 963 salsissimum
1625 926 1701 972 est,

253 993 361 1047 quod
409 993 707 1034 Baumhauerus
759 992 951 1046 perdocta
1002 993 1267 1046 disputatione
1287 1024 1298 1044 ,
1346 1006 1421 1047 qua
1468 994 1699 1035 examinat:

251 1065 400 1117 „Quam
433 1066 510 1104 vim
540 1064 745 1116 sophistae
771 1064 982 1106 habuerint
1011 1064 1180 1106 Athenis
1206 1065 1255 1104 ad
1285 1066 1426 1106 aetatis
1443 1069 1540 1106 suae
1575 1065 1703 1105 disci-

250 1137 425 1189 plinam,
466 1146 599 1176 mores
626 1146 674 1176 ac
706 1135 833 1175 studia
866 1135 1161 1187 immutanda“‚
1200 1135 1370 1176 Traiecti
1398 1135 1450 1176 ad
1476 1135 1547 1176 Rh.
1577 1146 1701 1189 supe-

246 1209 357 1250 riore
383 1219 490 1249 anno
519 1208 624 1249 edita
652 1221 741 1262 pag.
772 1208 852 1249 91:
881 1209 1087 1261 „itaque“,
1113 1208 1259 1262 inquit,
1287 1208 1387 1260 „hac
1416 1208 1701 1262 (Protagorae)

249 1281 431 1323 doctrina
462 1281 769 1336 extinguebatur
797 1281 926 1323 omnis
953 1280 1196 1322 verecundia
1223 1286 1264 1322 et
1293 1281 1424 1335 legum
1453 1281 1678 1322 reverentia
1688 1294 1701 1331 ς

245 1359 342 1408 quot
367 1355 472 1395 enim
502 1354 663 1396 diversa
689 1359 805 1396 erant
831 1353 1005 1403 iudicia,
1050 1358 1110 1395 tot
1139 1354 1231 1396 iusti
1272 1358 1313 1396 et
1340 1355 1426 1396 veri
1453 1354 1701 1396 habebantur

244 1432 448 1471 normae.“
505 1427 601 1468 Nam
644 1427 721 1468 hac
764 1428 804 1467 in
840 1438 886 1467 re
917 1427 1011 1479 quin
1041 1427 1149 1469 Plato
1194 1428 1244 1469 sit
1276 1429 1388 1469 testis
1431 1428 1604 1468 omnium
1632 1427 1698 1467 lo-

249 1499 543 1552 cupietissimus
581 1500 650 1539 vix
689 1492 894 1552 quisquam
933 1499 1096 1539 dubitet.
1130 1522 1179 1531 —
1213 1499 1393 1540 Ceterum
1433 1511 1549 1553 quam
1576 1499 1699 1541 Stoici

244 1559 386 1624 postea
414 1571 585 1612 maxime
614 1570 876 1612 excoluerunt
894 1570 1201 1612 indifferentium
1234 1571 1470 1623 doctrinam,
1502 1573 1587 1612 eius
1617 1573 1700 1625 pri-

243 1657 346 1685 mum
378 1644 503 1685 fuisse
529 1643 779 1685 conditorem
812 1637 1309 1696 Protagoram'monemus
1340 1645 1440 1694 (vid.
1465 1657 1558 1698 pag0
1585 1644 1696 1693 99.J:

244 1717 323 1757 nisi
355 1717 458 1757 t'orte
486 1728 538 1757 ex
565 1715 812 1757 Antisthenis
840 1715 1009 1769 placitis,
1041 1716 1107 1769 qui
1129 1716 1304 1770 Gorgiae
1331 1716 1544 1771 discipulus
1573 1716 1698 1758 fuisse

242 1794 363 1842 atque
388 1790 553 1842 primum
582 1790 668 1842 ipse
696 1800 854 1842 quoque
885 1792 1009 1828 artem
1039 1787 1295 1841 sophisticam
1324 1788 1513 1834 docuisse
1540 1788 1697 1841 dicitur,

242 1861 351 1901 Plato
382 1859 462 1901 hoc
493 1861 534 1901 in
558 1859 810 1914 Protagorae
839 1859 1086 1913 disciplinam
1115 1860 1254 1901 intulit.
1570 1870 1573 1872 ·
