1871 3204
767 134 1128 181 —168—

215 260 328 311 cias,
368 273 441 314 pro
478 260 539 300 his
574 271 731 312 quoque
761 260 914 300 scholis
946 260 1102 307 nullam.
1125 260 1230 300 illum
1271 261 1529 300 constituisse
1566 271 1677 301 mer-

216 333 357 374 cedem
375 352 385 377 :
415 332 706 373 utArlstoteles
724 333 778 373 ait
795 333 887 373 loco
905 333 1025 373 modo
1043 331 1243 373 exhibito:
1274 327 1344 372 ὅτε
1370 330 1450 384 γάρ
1469 332 1674 381 διδάξειεν

214 401 243 445 ἃ
270 406 298 445 δ
309 403 332 458 η’
348 421 373 444 n
391 418 489 445 οτε.
519 405 651 456 Atque
673 405 840 445 omnino
857 416 935 445 una
959 404 1417 456 dumtaxatProtagor-ae
1429 402 1676 444 diserteno-

213 478 383 517 minatur
397 477 597 526 recitatio,
628 488 746 529 quam
765 477 815 517 de
846 476 934 518 deis
961 477 1125 531 primum
1139 476 1180 516 in
1198 476 1314 516 amici
1330 474 1535 527 cuiusdam
1552 474 1674 516 domo

214 554 331 601 atque
350 550 493 590 iterum
513 551 551 590 in
568 550 701 603 Lyceo
732 550 892 593 babuit:
930 551 1008 591 vid.
1023 562 1114 603 pag.
1130 550 1198 589 75.
1230 549 1313 588 Hac
1333 548 1678 588 docendiratione

212 625 306 661 tunc
337 622 511 662 maxime
548 621 755 674 sophistae
792 622 857 663 usi
891 634 984 663 esse
1013 621 1213 671 videntur,
1244 621 1279 661 si
1312 619 1406 672 quid
1436 630 1517 659 non
1547 618 1676 659 solum

213 703 351 733 coram
368 694 481 734 iustis
499 694 704 746 discipulis
720 698 895 734 tractare
914 694 1118 745 volebant,
1132 693 1204 734 sed
1222 692 1374 734 cum‘iis
1388 702 1547 744 quoque
1562 703 1674 732 com·

211 766 433 816 manicare,
462 766 528 818 qui
549 776 630 806 non
650 769 693 806 ut
710 765 994 819 discipulorum
1016 776 1182 807 numero
1202 764 1500 807 ascriberentur
1513 763 1675 805 nomina

213 838 424 877 dederant.
457 837 539 878 Eas
553 839 711 890 quidem
733 838 971 889 ἐπιδείξεις,
998 849 1101 890 quas
1118 849 1255 878 coram
1270 838 1383 878 iustis
1398 836 1601 889 discipulis
1615 836 1677 875 in-

210 895 441 961 stituebant,
459 921 588 963 aeque
602 921 649 950 ac
663 909 825 950 scholas
839 911 1065 951 ordinarias
1079 911 1117 950 in
1130 910 1272 963 privati
1287 909 1458 951 hominis
1472 907 1675 950 domicilio

208 983 296 1022 sive
328 994 405 1022 suo
434 984 535 1031 sive,
563 994 651 1022 cum
680 983 887 1034 sophistae
918 983 1005 1021 fere
1034 982 1238 1034 peregrini
1269 987 1418 1032 essent,
1450 981 1568 1021 amici
1597 980 1675 1020 ali-

211 1054 325 1096 cuius
349 1053 564 1096 habebant.
623 1054 680 1096 lta
709 1055 951 1109 Protagoras
979 1055 1020 1095 in
1049 1053 1251 1108 Euripidis
1284 1058 1362 1105 aut,
1390 1057 1433 1095 ut
1462 1054 1528 1094 alii
1558 1053 1677 1094 dixe·-

208 1132 314 1178 runt‚
345 1128 385 1167 in
399 1128 634 1180 Megaclidis
653 1128 774 1168 domo
790 1128 971 1180 privatim
992 1128 1043 1168 de
1063 1127 1376 1169 deisrecitavit:
1407 1125 1582 1167 stabiles.
1598 1136 1676 1166 au-

210 1203 291 1240 tem
320 1199 443 1241 sedes
472 1200 513 1241 in
543 1200 692 1241 Calliae
720 1200 888 1242 aedibus
917 1200 1152 1253 collocarat,
1173 1200 1250 1255 ‚ubi
1277 1204 1317 1241 et
1344 1198 1563 1251 cumealiis,
1581 1198 1674 1252 qui-

212 1284 370 1325 cunque
410 1285 500 1313 eum
543 1274 865 1325 conveniebant,
909 1273 1084 1325 colloqui
1123 1277 1164 1313 et
1203 1272 1421 1325 discipulos
1464 1272 1674 1312 instituere

211 1344 383 1388 solebat.
441 1345 690 1407 Protagorae
719 1347 902 1403 privatim
932 1345 1108 1388 docendi
1142 1346 1369 1397 rationem,
1395 1357 1473 1398 qua
1501 1345 1568 1398 qui
1593 1355 1677 1385 non

211 1424 328 1478 erant
373 1419 558 1471 discipuli
601 1431 625 1458 a
670 1419 824 1459 scholis
867 1419 1134 1470 arcebantur,
1184 1418 1418 1459 Socraticae
1463 1414 1675 1478 opponens

212 1491 377 1549 saepius
417 1489 529 1546 Plato
577 1490 808 1546 cavillatur:
857 1494 900 1532 ut
942 1490 1108 1531 Theaet.
1147 1503 1240 1544 pag.
1273 1491 1375 1535 152
1395 1489 1456 1547 C,
1476 1489 1593 1531 162.
1624 1490 1676 1531 A.

214 1564 360 1605 Coram
409 1565 564 1604 maiore
615 1574 713 1604 vero
756 1544 979 1617 auditorum
1018 1575 1185 1604 numero
1234 1519 1478 1616 disputaturi
1512 1540 1677 1616 amplius

212 1636 423 1678 sumebant
464 1634 735 1690 auditorium,
770 1637 1023 1690 gymnasium
1065 1636 1227 1689 aliquod
1267 1636 1332 1676 vel
1376 1636 1571 1677 theatrum
1612 1635 1678 1676 vel

214 1709 334 1750 alium
377 1708 509 1750 locum
555 1708 768 1762 publicum.
796 1736 806 1743 κ
840 1709 974 1763 Lyceo
1010 1709 1207 1762 ¹imprimis
1245 1710 1480 1751 utebantur:
1522 1713 1565 1750 ut
1602 1720 1679 1750 so-

215 1782 371 1835 phistae
413 1781 497 1832 illi,
541 1784 607 1835 qui
649 1782 817 1823 Hesiodi
858 1782 1102 1840 Homerique
1148 1783 1324 1823 carmina
1368 1784 1679 1835 interpretantes

214 1853 437 1895 Isocratem
477 1854 688 1895 calumniis
728 1854 952 1895 affecerunt
989 1854 1137 1905 (Isocr.
1179 1855 1343 1896 Panath.
1384 1867 1475 1909 pag.
1504 1852 1601 1912 436.
1627 1859 1681 1895 et

213 1923 312 1967 446.
345 1925 408 1966 ed.
436 1926 590 1980 Auger.
624 1930 718 1966 tom.
750 1926 844 1977 11.);
872 1927 1064 1968 Prodicus
1095 1939 1118 1968 a
1145 1927 1456 1981 gymnasiarcho
1480 1938 1536 1968 ex·
1547 1927 1683 1980 Lyceo

214 1991 329 2041 exire
350 2000 483 2040 iussus
503 2003 567 2040 est
597 1999 737 2053 (Eryx.
753 2012 845 2054 pag.
863 2000 959 2041 397.
991 2000 1036 2053 C,
1067 2000 1161 2041 399.
1182 2001 1242 2051 Α)
1255 2014 1268 2052 ;
1297 2000 1568 2053 Euthydemus
1592 2012 1682 2041 cum

218 2134 300 2168 pag.
330 2125 412 2159 252.
461 2124 530 2159 Sed
556 2126 677 2158 nescio
705 2135 772 2169 ego
812 2136 854 2159 an
880 2125 968 2160 haec
995 2126 1101 2159 verba
1132 2125 1176 2159 de
1202 2126 1401 2160 Democrito
1437 2127 1551 2170 potius
1584 2135 1685 2170 quam

219 2171 262 2204 de
287 2172 475 2217 Protagora
500 2171 730 2217 intelligenda
760 2173 838 2206 sint.
887 2172 1138 2218 Explicationis
1166 2175 1264 2219 quasi
1293 2173 1395 2208 cardo
1420 2174 1539 2207 nititur
1566 2174 1599 2207 in
1627 2173 1686 2207 lo·-

219 2220 366 2253 cutionis
407 2218 479 2265 οιῗχ
504 2219 633 2259 ὅπως·
647 2220 928 2264 significatione,
969 2232 1070 2266 quam
1103 2228 1208 2265 prout
1243 2228 1302 2256 aut
1337 2232 1426 2265 „non
1449 2222 1596 2255 solum“
1627 2225 1687 2254 aut

218 2277 309 2310 „non
339 2267 450 2302 solum
482 2272 572 2302 non“
607 2268 844 2312 interpretaris
881 2268 966 2314 (vid.
995 2269 1209 2304 Hermannus
1244 2269 1286 2304 ad
1313 2271 1429 2315 Viger.
1456 2275 1535 2314 pag.
1571 2268 1687 2316 432),

221 2316 393 2349 sententia
430 2315 546 2350 evadit
590 2317 772 2350 contraria.
843 2316 959 2362 Atque
995 2317 1079 2351 mihi
1118 2318 1256 2362 quidem
1298 2317 1589 2362 interpretandum
1629 2318 1686 2350 vi-

218 2362 344 2396 detur:
378 2363 496 2406 „Alius
530 2373 615 2397 vero
651 2365 707 2397 vir
738 2363 876 2409 quidam
911 2365 1077 2399 Abderita
1110 2376 1181 2399 non
1213 2365 1322 2400 solum
1347 2365 1480 2399 nullam
1519 2364 1637 2408 exegit
1663 2375 1684 2398 a

218 2409 398 2453 discipulis
413 2411 620 2453 mercedem,
645 2412 706 2445 sed
729 2413 851 2445 etiam“
867 2417 901 2445 et
922 2423 954 2457 q.
970 2423 1013 2454 s.,
1039 2418 1077 2446 ut
1100 2413 1264 2458 sophistis
1290 2412 1438 2446 habendi
1460 2411 1598 2457 cupidis
1617 2421 1685 2456 op-

219 2461 395 2502 ponantur
416 2457 634 2492 Democritus
660 2464 694 2492 et
715 2460 899 2495 socrates:
926 2469 1015 2504 quae
1040 2462 1211 2495 sententia
1233 2461 1269 2494 in
1295 2459 1397 2494 huius
1420 2459 1505 2493 1οοί
1513 2459 1685 2496 conditio-

217 2515 299 2539 nem
335 2504 514 2548 aptissime
543 2506 697 2550 quadrat.
748 2506 817 2542 Sed
849 2507 1007 2549 accedit,
1044 2508 1157 2553 quod,
1191 2519 1269 2542 cum
1291 2508 1510 2552 Protagoram
1536 2506 1684 2542 divitias

218 2563 300 2587 suas
327 2553 364 2585 in
390 2552 513 2586 studiis
540 2554 758 2598 philosophis
783 2556 1040 2598 consumpsisse
1066 2566 1168 2589 nemo
1194 2565 1345 2599 unquam
1369 2556 1590 2597 memorarit,
1617 2555 1685 2588 hoc

218 2600 333 2643 ipsum
358 2603 497 2633 veteres
527 2601 710 2644 scriptores
739 2601 782 2635 de
805 2601 1003 2636 Democrito
1027 2599 1206 2637 testantur.
1259 2603 1359 2637 Conf.
1386 2608 1524 2647 praeter
1549 2608 1686 2637 ceteros

217 2646 317 2681 locos
343 2646 566 2683 aMullachio
589 2659 668 2693 pag.
689 2650 747 2685 36.
778 2655 812 2684 et
836 2661 869 2695 q.
896 2662 992 2696 seqq.
1019 2650 1143 2686 allatos
1169 2650 1261 2697 quod
1284 2651 1327 2692 de
1349 2651 1545 2686 Democrito
1572 2655 1689 2685 narrat

218 2696 444 2730 Antisthenes
470 2695 627 2729 Rhodius
657 2698 745 2740 apud
764 2698 867 2742 Diog.
891 2699 1003 2732 Laert.
1029 2698 1088 2732 lib.
1115 2700 1173 2733 lx.
1205 2699 1231 2745 §.
1256 2699 1320 2733 39·
1343 2694 1520 2736 ’haedum
1545 2699 1588 2734 δέ
1610 2711 1685 2754 φη-

221 2754 285 2779 σιν
316 2738 433 2779 αὐτὸν
469 2746 512 2780 ἐκ
546 2745 611 2788 τῆς
647 2742 860 2793 ἀποδημίας
893 2746 1144 2782 ταπεινότατα
1177 2745 1330 2805 δζᾰγειν
1364 2745 1429 2782 ἅτε
1454 2748 1585 2782 πᾶσαν
1617 2742 1685 2789 τὴν

218 2790 356 2828 οὐσίαν
379 2791 681 2833 καταναλωκότα,
710 2797 923 2839 τρέφεσθαί
943 2806 980 2830 τε
1005 2790 1068 2830 δια
1096 2791 1166 2838 τὴν
1190 2793 1369 2850 annotatt
1379 2794 1454 2831 ὑπὸ
1481 2795 1547 2829 τοῦ
1575 2792 1684 2829 α’δελ-

221 2841 302 2886 φοῦ
325 2837 523 2899 Δαμάσου.
572 2840 617 2874 Et
640 2840 669 2887 §.
694 2839 752 2874 36:
774 2841 815 2874 ‘O
841 2840 881 2876 δὲ
904 2841 1117 2889 Δημήτριος
1141 2841 1236 2888 ὑπὲρ
1263 2838 1399 2881 ἑκατὸν
1422 2840 1582 2879 τάλαντά
1609 2855 1683 2890 φη-

220 2898 285 2926 σιν
309 2886 411 2925 εἶναι
436 2886 538 2935 αὐτῷ
563 2886 605 2925 τὸ
629 2890 758 2937 μέρος,
783 2887 933 2926 ἅπαντα
957 2890 998 2926 δὲ
1022 2890 1234 2928 ἀναλῶσαι.
