<?xml version="1.0" encoding="UTF-8"?>
<!DOCTYPE html PUBLIC "-//W3C//DTD XHTML 1.0 Transitional//EN"
    "http://www.w3.org/TR/xhtml1/DTD/xhtml1-transitional.dtd">
<html xmlns="http://www.w3.org/1999/xhtml" xml:lang="en" lang="en">
 <head>
  <title>
</title>
<meta http-equiv="Content-Type" content="text/html;charset=utf-8" />
  <meta name='ocr-system' content='tesseract 3.04.00' />
  <meta name='ocr-capabilities' content='ocr_page ocr_carea ocr_par ocr_line ocrx_word'/>
</head>
<body>
  <div class='ocr_page' id='page_1' title='image "./4738009_0197.png"; bbox 0 0 1871 3204; ppageno 0'>
   <div class='ocr_carea' id='block_1_1' title="bbox 663 119 1025 166">
    <p class='ocr_par' dir='ltr' id='par_1_1' title="bbox 663 119 1025 166">
     <span class='ocr_line' id='line_1_1' title="bbox 663 119 1025 166; baseline 0 0"><span class='ocrx_word' id='word_1_1' title='bbox 663 119 1025 166; x_wconf 76' lang='lat'>-179-</span> 
     </span>
    </p>
   </div>
   <div class='ocr_carea' id='block_1_2' title="bbox 117 240 1565 590">
    <p class='ocr_par' dir='ltr' id='par_1_2' title="bbox 117 240 1565 590">
     <span class='ocr_line' id='line_1_2' title="bbox 117 240 1561 300; baseline -0.002 -10"><span class='ocrx_word' id='word_1_2' title='bbox 117 248 248 290; x_wconf 79' lang='lat' dir='ltr'>Laert.</span> <span class='ocrx_word' id='word_1_3' title='bbox 279 246 345 289; x_wconf 90' lang='lat' dir='ltr'>lib.</span> <span class='ocrx_word' id='word_1_4' title='bbox 364 247 427 293; x_wconf 76' lang='lat' dir='ltr'>IX.</span> <span class='ocrx_word' id='word_1_5' title='bbox 459 240 606 300; x_wconf 60' lang='lat'>§.550</span> <span class='ocrx_word' id='word_1_6' title='bbox 637 250 712 291; x_wconf 90' lang='lat' dir='ltr'>iam</span> <span class='ocrx_word' id='word_1_7' title='bbox 745 255 766 289; x_wconf 87' lang='lat' dir='ltr'>a</span> <span class='ocrx_word' id='word_1_8' title='bbox 787 248 970 289; x_wconf 79' lang='lat' dir='ltr'>Fabricio</span> <span class='ocrx_word' id='word_1_9' title='bbox 986 246 1083 288; x_wconf 89' lang='lat' dir='ltr'>Bibl.</span> <span class='ocrx_word' id='word_1_10' title='bbox 1100 247 1165 288; x_wconf 85' lang='lat' dir='ltr'>Gr.</span> <span class='ocrx_word' id='word_1_11' title='bbox 1196 245 1259 287; x_wconf 91' lang='lat' dir='ltr'>ed.</span> <span class='ocrx_word' id='word_1_12' title='bbox 1278 243 1384 286; x_wconf 83' lang='lat' dir='ltr'>Harl.</span> <span class='ocrx_word' id='word_1_13' title='bbox 1407 248 1501 285; x_wconf 89' lang='lat' dir='ltr'>tom.</span> <span class='ocrx_word' id='word_1_14' title='bbox 1516 243 1561 287; x_wconf 84' lang='lat' dir='ltr'>tl.</span> 
     </span>
     <span class='ocr_line' id='line_1_3' title="bbox 120 317 1563 374; baseline -0.001 -15"><span class='ocrx_word' id='word_1_15' title='bbox 120 330 212 374; x_wconf 88' lang='lat' dir='ltr'>pag.</span> <span class='ocrx_word' id='word_1_16' title='bbox 242 317 337 366; x_wconf 82' lang='lat'>670.</span> <span class='ocrx_word' id='word_1_17' title='bbox 366 325 500 362; x_wconf 84' lang='lat' dir='ltr'>annot.</span> <span class='ocrx_word' id='word_1_18' title='bbox 529 321 631 372; x_wconf 88' lang='lat' dir='ltr'>iiii),</span> <span class='ocrx_word' id='word_1_19' title='bbox 669 321 808 362; x_wconf 88' lang='lat' dir='ltr'>Geelio</span> <span class='ocrx_word' id='word_1_20' title='bbox 838 332 929 373; x_wconf 86' lang='lat' dir='ltr'>pag.</span> <span class='ocrx_word' id='word_1_21' title='bbox 957 320 1023 362; x_wconf 86' lang='lat'>85.</span> <span class='ocrx_word' id='word_1_22' title='bbox 1064 325 1104 360; x_wconf 89' lang='lat' dir='ltr'>et</span> <span class='ocrx_word' id='word_1_23' title='bbox 1130 320 1314 361; x_wconf 87' lang='lat' dir='ltr'>Herbstio</span> <span class='ocrx_word' id='word_1_24' title='bbox 1343 329 1435 371; x_wconf 94' lang='lat' dir='ltr'>pag.</span> <span class='ocrx_word' id='word_1_25' title='bbox 1472 317 1563 358; x_wconf 83' lang='lat'>113.</span> 
     </span>
     <span class='ocr_line' id='line_1_4' title="bbox 120 389 1565 445; baseline -0.003 -13"><span class='ocrx_word' id='word_1_26' title='bbox 120 395 299 433; x_wconf 85' lang='lat' dir='ltr'>notatum</span> <span class='ocrx_word' id='word_1_27' title='bbox 329 393 495 438; x_wconf 81' lang='lat' dir='ltr'>recoxit.</span> <span class='ocrx_word' id='word_1_28' title='bbox 528 393 638 436; x_wconf 80' lang='lat' dir='ltr'><strong>Sexti</strong></span> <span class='ocrx_word' id='word_1_29' title='bbox 666 393 770 434; x_wconf 90' lang='lat' dir='ltr'>enim</span> <span class='ocrx_word' id='word_1_30' title='bbox 798 389 922 433; x_wconf 86' lang='lat' dir='ltr'>verba</span> <span class='ocrx_word' id='word_1_31' title='bbox 952 390 1200 433; x_wconf 85' lang='lat' dir='ltr'>aGerlachio</span> <span class='ocrx_word' id='word_1_32' title='bbox 1217 390 1404 443; x_wconf 88' lang='lat' dir='ltr'>indicata,</span> <span class='ocrx_word' id='word_1_33' title='bbox 1432 399 1565 445; x_wconf 79' lang='lat' dir='ltr'>quan-</span> 
     </span>
     <span class='ocr_line' id='line_1_5' title="bbox 120 462 1565 520; baseline -0.001 -15"><span class='ocrx_word' id='word_1_34' title='bbox 120 463 494 520; x_wconf 80' lang='lat' dir='ltr'>quam-Protagorae</span> <span class='ocrx_word' id='word_1_35' title='bbox 524 475 671 505; x_wconf 87' lang='lat' dir='ltr'>nomen</span> <span class='ocrx_word' id='word_1_36' title='bbox 698 463 880 517; x_wconf 82' lang='lat' dir='ltr'><strong>proxime</strong></span> <span class='ocrx_word' id='word_1_37' title='bbox 898 462 1115 518; x_wconf 85' lang='lat' dir='ltr'>praecedit,</span> <span class='ocrx_word' id='word_1_38' title='bbox 1146 468 1375 506; x_wconf 84' lang='lat' dir='ltr'>tamen-non</span> <span class='ocrx_word' id='word_1_39' title='bbox 1395 464 1445 504; x_wconf 87' lang='lat' dir='ltr'>ad</span> <span class='ocrx_word' id='word_1_40' title='bbox 1460 463 1565 504; x_wconf 76' lang='lat' dir='ltr'>Pro-</span> 
     </span>
     <span class='ocr_line' id='line_1_6' title="bbox 118 536 942 590; baseline 0.001 -15"><span class='ocrx_word' id='word_1_41' title='bbox 118 539 298 589; x_wconf 84' lang='lat' dir='ltr'>tagoram</span> <span class='ocrx_word' id='word_1_42' title='bbox 329 537 403 578; x_wconf 84' lang='lat' dir='ltr'>sed</span> <span class='ocrx_word' id='word_1_43' title='bbox 432 537 483 578; x_wconf 86' lang='lat' dir='ltr'>ad</span> <span class='ocrx_word' id='word_1_44' title='bbox 513 536 701 590; x_wconf 84' lang='lat' dir='ltr'><strong>Gorgiam</strong></span> <span class='ocrx_word' id='word_1_45' title='bbox 731 536 942 589; x_wconf 78' lang='lat' dir='ltr'>pertinent.</span> 
     </span>
    </p>
   </div>
   <div class='ocr_carea' id='block_1_3' title="bbox 697 659 1045 853">
    <p class='ocr_par' dir='ltr' id='par_1_3' title="bbox 697 659 1045 852">
     <span class='ocr_line' id='line_1_7' title="bbox 819 659 868 702; baseline -0.02 0"><span class='ocrx_word' id='word_1_46' title='bbox 819 659 868 702; x_wconf 90' lang='lat'>11.</span> 
     </span>
     <span class='ocr_line' id='line_1_8' title="bbox 697 773 1045 853; baseline -0.003 -30"><span class='ocrx_word' id='word_1_47' title='bbox 697 777 769 823; x_wconf 91' lang='grc' dir='ltr'>Π</span> <span class='ocrx_word' id='word_1_48' title='bbox 722 773 874 850; x_wconf 41' lang='grc' dir='ltr'>ηρὶ</span> <span class='ocrx_word' id='word_1_49' title='bbox 834 779 837 780; x_wconf 71' lang='grc'>’</span> <span class='ocrx_word' id='word_1_50' title='bbox 854 775 1012 853; x_wconf 52' lang='grc' dir='ltr'>Ξξεῶπζ</span> <span class='ocrx_word' id='word_1_51' title='bbox 1029 846 1045 852; x_wconf 27' lang='lat' dir='ltr'><em>V</em></span> 
     </span>
    </p>
   </div>
   <div class='ocr_carea' id='block_1_4' title="bbox 268 849 1563 958">
    <p class='ocr_par' dir='ltr' id='par_1_4' title="bbox 268 849 1563 958">
     <span class='ocr_line' id='line_1_9' title="bbox 268 849 1563 958; baseline 0 -23"><span class='ocrx_word' id='word_1_52' title='bbox 268 894 381 935; x_wconf 87' lang='lat' dir='ltr'>Hunc</span> <span class='ocrx_word' id='word_1_53' title='bbox 410 905 567 958; x_wconf 88' lang='lat' dir='ltr'>quoque</span> <span class='ocrx_word' id='word_1_54' title='bbox 604 849 782 948; x_wconf 80' lang='lat' dir='ltr'>librum,</span> <span class='ocrx_word' id='word_1_55' title='bbox 811 894 861 935; x_wconf 89' lang='lat' dir='ltr'>de</span> <span class='ocrx_word' id='word_1_56' title='bbox 902 905 980 949; x_wconf 94' lang='lat' dir='ltr'>quo</span> <span class='ocrx_word' id='word_1_57' title='bbox 1020 897 1198 935; x_wconf 84' lang='lat' dir='ltr'>veterum</span> <span class='ocrx_word' id='word_1_58' title='bbox 1228 894 1462 935; x_wconf 79' lang='lat' dir='ltr'><strong>testimoniis</strong></span> <span class='ocrx_word' id='word_1_59' title='bbox 1499 895 1563 937; x_wconf 84' lang='lat' dir='ltr'>lib.</span> 
     </span>
    </p>
   </div>
   <div class='ocr_carea' id='block_1_5' title="bbox 1463 950 1609 961">
    <p class='ocr_par' dir='ltr' id='par_1_5' title="bbox 1463 950 1609 961">
     <span class='ocr_line' id='line_1_10' title="bbox 1463 950 1609 961; baseline -0.014 0"><span class='ocrx_word' id='word_1_60' title='bbox 1463 950 1586 961; x_wconf 40' lang='lat' dir='ltr'>*mm-»1-</span> <span class='ocrx_word' id='word_1_61' title='bbox 1597 955 1609 959; x_wconf 57' lang='lat'>-&lt;</span> 
     </span>
    </p>
   </div>
   <div class='ocr_carea' id='block_1_6' title="bbox 108 955 1570 1093">
    <p class='ocr_par' dir='ltr' id='par_1_6' title="bbox 108 955 1570 1093">
     <span class='ocr_line' id='line_1_11' title="bbox 126 955 1569 1035; baseline 0.001 -31"><span class='ocrx_word' id='word_1_62' title='bbox 126 965 173 1005; x_wconf 90' lang='lat' dir='ltr'>ll.</span> <span class='ocrx_word' id='word_1_63' title='bbox 205 976 294 1035; x_wconf 80' lang='lat' dir='ltr'>cap.</span> <span class='ocrx_word' id='word_1_64' title='bbox 331 966 378 1006; x_wconf 87' lang='lat'>11.</span> <span class='ocrx_word' id='word_1_65' title='bbox 411 955 560 1026; x_wconf 81' lang='lat' dir='ltr'>allatis</span> <span class='ocrx_word' id='word_1_66' title='bbox 585 970 681 1008; x_wconf 84' lang='lat' dir='ltr'>satis</span> <span class='ocrx_word' id='word_1_67' title='bbox 712 972 896 1017; x_wconf 87' lang='lat' dir='ltr'>constat,</span> <span class='ocrx_word' id='word_1_68' title='bbox 939 967 1097 1007; x_wconf 84' lang='lat' dir='ltr'>fuerunt</span> <span class='ocrx_word' id='word_1_69' title='bbox 1142 967 1206 1019; x_wconf 90' lang='lat' dir='ltr'>qui</span> <span class='ocrx_word' id='word_1_70' title='bbox 1236 968 1322 1007; x_wconf 89' lang='lat' dir='ltr'>sive</span> <span class='ocrx_word' id='word_1_71' title='bbox 1353 967 1569 1007; x_wconf 86' lang='lat' dir='ltr'>dubitatio-</span> 
     </span>
     <span class='ocr_line' id='line_1_12' title="bbox 108 1022 1570 1093; baseline 0 -14"><span class='ocrx_word' id='word_1_72' title='bbox 108 1028 275 1079; x_wconf 69' lang='grc' dir='ltr'>Τιῖῐῐιῖἐ</span> <span class='ocrx_word' id='word_1_73' title='bbox 280 1025 376 1079; x_wconf 82' lang='lat' dir='ltr'>sive</span> <span class='ocrx_word' id='word_1_74' title='bbox 383 1022 763 1082; x_wconf 59' lang='lat' dir='ltr'>obtrectationibus</span> <span class='ocrx_word' id='word_1_75' title='bbox 797 1043 1007 1081; x_wconf 86' lang='lat' dir='ltr'>tentarent.</span> <span class='ocrx_word' id='word_1_76' title='bbox 1065 1040 1194 1093; x_wconf 85' lang='lat' dir='ltr'>Atque</span> <span class='ocrx_word' id='word_1_77' title='bbox 1232 1038 1437 1080; x_wconf 84' lang='lat' dir='ltr'>Herbstius</span> <span class='ocrx_word' id='word_1_78' title='bbox 1479 1040 1570 1092; x_wconf 80' lang='lat' dir='ltr'>qui-</span> 
     </span>
    </p>
   </div>
   <div class='ocr_carea' id='block_1_7' title="bbox 39 1108 1571 1165">
    <p class='ocr_par' dir='ltr' id='par_1_7' title="bbox 39 1108 1571 1165">
     <span class='ocr_line' id='line_1_13' title="bbox 39 1108 1571 1165; baseline 0.001 -16"><span class='ocrx_word' id='word_1_79' title='bbox 39 1116 51 1125; x_wconf 78' lang='lat'><strong>·</strong></span> <span class='ocrx_word' id='word_1_80' title='bbox 125 1110 214 1150; x_wconf 81' lang='lat' dir='ltr'>dem</span> <span class='ocrx_word' id='word_1_81' title='bbox 245 1122 338 1164; x_wconf 82' lang='lat' dir='ltr'>pag.</span> <span class='ocrx_word' id='word_1_82' title='bbox 372 1111 464 1152; x_wconf 75' lang='lat'>129.</span> <span class='ocrx_word' id='word_1_83' title='bbox 511 1110 642 1152; x_wconf 68' lang='grc' dir='ltr'><strong><em>πολλὰ</em></strong></span> <span class='ocrx_word' id='word_1_84' title='bbox 683 1111 765 1165; x_wconf 76' lang='grc' dir='ltr'>γάρ</span> <span class='ocrx_word' id='word_1_85' title='bbox 795 1110 847 1152; x_wconf 79' lang='grc' dir='ltr'>τοὶ</span> <span class='ocrx_word' id='word_1_86' title='bbox 880 1108 1093 1152; x_wconf 75' lang='grc' dir='ltr'><em>κωλυοντα</em></span> <span class='ocrx_word' id='word_1_87' title='bbox 1125 1112 1206 1163; x_wconf 82' lang='grc' dir='ltr'>με’,</span> <span class='ocrx_word' id='word_1_88' title='bbox 1249 1108 1276 1163; x_wconf 88' lang='grc' dir='ltr'>η’</span> <span class='ocrx_word' id='word_1_89' title='bbox 1294 1125 1339 1151; x_wconf 82' lang='grc' dir='ltr'>τε</span> <span class='ocrx_word' id='word_1_90' title='bbox 1370 1108 1571 1164; x_wconf 70' lang='grc' dir='ltr'>ἀδηλότης</span> 
     </span>
    </p>
   </div>
   <div class='ocr_carea' id='block_1_8' title="bbox 88 1178 1617 2536">
    <p class='ocr_par' dir='ltr' id='par_1_8' title="bbox 88 1178 1617 2536">
     <span class='ocr_line' id='line_1_14' title="bbox 122 1178 1571 1238; baseline -0.001 -16"><span class='ocrx_word' id='word_1_91' title='bbox 122 1185 195 1223; x_wconf 76' lang='grc' dir='ltr'>καί</span> <span class='ocrx_word' id='word_1_92' title='bbox 219 1182 382 1236; x_wconf 76' lang='grc' dir='ltr'><em>βραχὺς</em></span> <span class='ocrx_word' id='word_1_93' title='bbox 412 1178 469 1224; x_wconf 68' lang='grc' dir='ltr'>ὧν</span> <span class='ocrx_word' id='word_1_94' title='bbox 496 1182 517 1224; x_wconf 79' lang='grc' dir='ltr'>ὅ</span> <span class='ocrx_word' id='word_1_95' title='bbox 548 1185 639 1237; x_wconf 77' lang='grc' dir='ltr'><strong><em>βίος</em></strong></span> <span class='ocrx_word' id='word_1_96' title='bbox 672 1186 747 1225; x_wconf 82' lang='grc' dir='ltr'>τοῦ</span> <span class='ocrx_word' id='word_1_97' title='bbox 772 1182 998 1238; x_wconf 76' lang='grc' dir='ltr'>ἀνθρώπου</span> <span class='ocrx_word' id='word_1_98' title='bbox 1029 1182 1123 1224; x_wconf 85' lang='lat' dir='ltr'>dicit</span> <span class='ocrx_word' id='word_1_99' title='bbox 1150 1182 1416 1236; x_wconf 79' lang='lat' dir='ltr'>sophistische</span> <span class='ocrx_word' id='word_1_100' title='bbox 1444 1183 1571 1223; x_wconf 82' lang='lat' dir='ltr'>Hohl-</span> 
     </span>
     <span class='ocr_line' id='line_1_15' title="bbox 123 1256 1571 1309; baseline 0.001 -14"><span class='ocrx_word' id='word_1_101' title='bbox 123 1260 275 1304; x_wconf 88' lang='lat' dir='ltr'>worte,</span> <span class='ocrx_word' id='word_1_102' title='bbox 316 1260 432 1309; x_wconf 88' lang='lat' dir='ltr'>atque</span> <span class='ocrx_word' id='word_1_103' title='bbox 472 1257 527 1298; x_wconf 86' lang='lat' dir='ltr'>ita</span> <span class='ocrx_word' id='word_1_104' title='bbox 564 1256 867 1309; x_wconf 84' lang='lat' dir='ltr'>disputationem</span> <span class='ocrx_word' id='word_1_105' title='bbox 905 1268 1015 1296; x_wconf 90' lang='lat' dir='ltr'>suam</span> <span class='ocrx_word' id='word_1_106' title='bbox 1059 1257 1280 1296; x_wconf 86' lang='lat' dir='ltr'>concludit:</span> <span class='ocrx_word' id='word_1_107' title='bbox 1326 1257 1496 1308; x_wconf 85' lang='lat' dir='ltr'>„Womit</span> <span class='ocrx_word' id='word_1_108' title='bbox 1525 1268 1571 1296; x_wconf 89' lang='lat' dir='ltr'>er</span> 
     </span>
     <span class='ocr_line' id='line_1_16' title="bbox 126 1327 1570 1386; baseline 0.001 -19"><span class='ocrx_word' id='word_1_109' title='bbox 126 1327 237 1368; x_wconf 86' lang='lat' dir='ltr'>diese</span> <span class='ocrx_word' id='word_1_110' title='bbox 253 1327 400 1369; x_wconf 86' lang='lat' dir='ltr'>Schrift</span> <span class='ocrx_word' id='word_1_111' title='bbox 422 1329 526 1386; x_wconf 9' lang='lat' dir='ltr'>*uber</span> <span class='ocrx_word' id='word_1_112' title='bbox 557 1329 620 1368; x_wconf 91' lang='lat' dir='ltr'>die</span> <span class='ocrx_word' id='word_1_113' title='bbox 639 1329 776 1369; x_wconf 77' lang='lat' dir='ltr'>Gotter</span> <span class='ocrx_word' id='word_1_114' title='bbox 803 1341 884 1369; x_wconf 89' lang='lat' dir='ltr'>nun</span> <span class='ocrx_word' id='word_1_115' title='bbox 911 1340 1005 1382; x_wconf 85' lang='lat' dir='ltr'>mag</span> <span class='ocrx_word' id='word_1_116' title='bbox 1033 1328 1243 1382; x_wconf 79' lang='lat' dir='ltr'>ausgefnllt</span> <span class='ocrx_word' id='word_1_117' title='bbox 1273 1328 1417 1380; x_wconf 85' lang='lat' dir='ltr'>haben,</span> <span class='ocrx_word' id='word_1_118' title='bbox 1448 1328 1570 1369; x_wconf 84' lang='lat' dir='ltr'>bleibt</span> 
     </span>
     <span class='ocr_line' id='line_1_17' title="bbox 127 1400 1571 1455; baseline 0.001 -15"><span class='ocrx_word' id='word_1_119' title='bbox 127 1400 384 1451; x_wconf 74' lang='lat' dir='ltr'>rathselhaft3</span> <span class='ocrx_word' id='word_1_120' title='bbox 421 1413 514 1454; x_wconf 87' lang='lat' dir='ltr'>mag</span> <span class='ocrx_word' id='word_1_121' title='bbox 541 1414 632 1441; x_wconf 87' lang='lat' dir='ltr'>man</span> <span class='ocrx_word' id='word_1_122' title='bbox 660 1402 905 1455; x_wconf 86' lang='lat' dir='ltr'>wenigstens</span> <span class='ocrx_word' id='word_1_123' title='bbox 933 1402 1046 1441; x_wconf 83' lang='lat' dir='ltr'>darin</span> <span class='ocrx_word' id='word_1_124' title='bbox 1076 1402 1140 1441; x_wconf 88' lang='lat' dir='ltr'>die</span> <span class='ocrx_word' id='word_1_125' title='bbox 1168 1401 1293 1442; x_wconf 88' lang='lat' dir='ltr'>Kunst</span> <span class='ocrx_word' id='word_1_126' title='bbox 1324 1401 1396 1441; x_wconf 88' lang='lat' dir='ltr'>der</span> <span class='ocrx_word' id='word_1_127' title='bbox 1419 1401 1571 1454; x_wconf 79' lang='lat' dir='ltr'>sophi-</span> 
     </span>
     <span class='ocr_line' id='line_1_18' title="bbox 125 1473 1617 1526; baseline 0.001 -14"><span class='ocrx_word' id='word_1_128' title='bbox 125 1478 213 1513; x_wconf 86' lang='lat' dir='ltr'>sten</span> <span class='ocrx_word' id='word_1_129' title='bbox 243 1473 323 1513; x_wconf 92' lang='lat' dir='ltr'>und</span> <span class='ocrx_word' id='word_1_130' title='bbox 353 1473 439 1513; x_wconf 85' lang='lat' dir='ltr'>ihre</span> <span class='ocrx_word' id='word_1_131' title='bbox 468 1473 679 1514; x_wconf 86' lang='lat' dir='ltr'>Frechheit</span> <span class='ocrx_word' id='word_1_132' title='bbox 706 1473 928 1525; x_wconf 87' lang='lat' dir='ltr'>erkennen,</span> <span class='ocrx_word' id='word_1_133' title='bbox 959 1473 1023 1513; x_wconf 92' lang='lat' dir='ltr'>die</span> <span class='ocrx_word' id='word_1_134' title='bbox 1045 1473 1146 1514; x_wconf 78' lang='lat' dir='ltr'>fiber</span> <span class='ocrx_word' id='word_1_135' title='bbox 1174 1473 1293 1513; x_wconf 89' lang='lat' dir='ltr'>einen</span> <span class='ocrx_word' id='word_1_136' title='bbox 1316 1473 1572 1526; x_wconf 81' lang='lat' dir='ltr'>Gegensland</span> <span class='ocrx_word' id='word_1_137' title='bbox 1610 1488 1617 1493; x_wconf 91' lang='lat'><strong>·</strong></span> 
     </span>
     <span class='ocr_line' id='line_1_19' title="bbox 125 1545 1573 1599; baseline 0 -14"><span class='ocrx_word' id='word_1_138' title='bbox 125 1546 193 1585; x_wconf 87' lang='lat' dir='ltr'>ein</span> <span class='ocrx_word' id='word_1_139' title='bbox 225 1545 333 1585; x_wconf 86' lang='lat' dir='ltr'>Bucb</span> <span class='ocrx_word' id='word_1_140' title='bbox 362 1546 546 1598; x_wconf 86' lang='lat' dir='ltr'>machen‚</span> <span class='ocrx_word' id='word_1_141' title='bbox 576 1547 617 1586; x_wconf 89' lang='lat' dir='ltr'>in</span> <span class='ocrx_word' id='word_1_142' title='bbox 646 1546 790 1588; x_wconf 88' lang='lat' dir='ltr'>dessen</span> <span class='ocrx_word' id='word_1_143' title='bbox 805 1546 1034 1599; x_wconf 90' lang='lat' dir='ltr'>Einleitung</span> <span class='ocrx_word' id='word_1_144' title='bbox 1060 1546 1120 1586; x_wconf 89' lang='lat' dir='ltr'>sie</span> <span class='ocrx_word' id='word_1_145' title='bbox 1147 1545 1357 1599; x_wconf 86' lang='lat' dir='ltr'>gestehen‚</span> <span class='ocrx_word' id='word_1_146' title='bbox 1390 1547 1484 1585; x_wconf 88' lang='lat' dir='ltr'>dass</span> <span class='ocrx_word' id='word_1_147' title='bbox 1513 1547 1573 1585; x_wconf 89' lang='lat' dir='ltr'>sie</span> 
     </span>
     <span class='ocr_line' id='line_1_20' title="bbox 125 1600 1571 1670; baseline 0.001 -14"><span class='ocrx_word' id='word_1_148' title='bbox 125 1616 240 1656; x_wconf 88' lang='lat' dir='ltr'>keins</span> <span class='ocrx_word' id='word_1_149' title='bbox 285 1600 457 1657; x_wconf 76' lang='lat' dir='ltr'>darfiber</span> <span class='ocrx_word' id='word_1_150' title='bbox 484 1617 653 1657; x_wconf 83' lang='lat' dir='ltr'>macheu</span> <span class='ocrx_word' id='word_1_151' title='bbox 697 1617 911 1658; x_wconf 66' lang='lat' dir='ltr'>hoamen«</span> <span class='ocrx_word' id='word_1_152' title='bbox 969 1617 1159 1668; x_wconf 87' lang='lat' dir='ltr'>Equidem</span> <span class='ocrx_word' id='word_1_153' title='bbox 1194 1628 1272 1670; x_wconf 85' lang='lat' dir='ltr'>ego</span> <span class='ocrx_word' id='word_1_154' title='bbox 1310 1627 1392 1656; x_wconf 90' lang='lat' dir='ltr'>non</span> <span class='ocrx_word' id='word_1_155' title='bbox 1436 1618 1571 1668; x_wconf 86' lang='lat' dir='ltr'>video,</span> 
     </span>
     <span class='ocr_line' id='line_1_21' title="bbox 124 1688 1571 1741; baseline 0.001 -14"><span class='ocrx_word' id='word_1_156' title='bbox 124 1688 259 1740; x_wconf 90' lang='lat' dir='ltr'>quidni</span> <span class='ocrx_word' id='word_1_157' title='bbox 287 1689 364 1728; x_wconf 88' lang='lat' dir='ltr'>iam</span> <span class='ocrx_word' id='word_1_158' title='bbox 397 1688 531 1741; x_wconf 90' lang='lat' dir='ltr'>primis</span> <span class='ocrx_word' id='word_1_159' title='bbox 561 1688 694 1729; x_wconf 89' lang='lat' dir='ltr'>verbis</span> <span class='ocrx_word' id='word_1_160' title='bbox 723 1689 959 1729; x_wconf 86' lang='lat' dir='ltr'>sententiam</span> <span class='ocrx_word' id='word_1_161' title='bbox 992 1700 1103 1729; x_wconf 91' lang='lat' dir='ltr'>suam</span> <span class='ocrx_word' id='word_1_162' title='bbox 1131 1688 1313 1741; x_wconf 85' lang='lat' dir='ltr'>proferre</span> <span class='ocrx_word' id='word_1_163' title='bbox 1333 1719 1344 1739; x_wconf 91' lang='lat'>‚</span> <span class='ocrx_word' id='word_1_164' title='bbox 1372 1700 1500 1740; x_wconf 88' lang='lat' dir='ltr'>eaque</span> <span class='ocrx_word' id='word_1_165' title='bbox 1530 1690 1571 1729; x_wconf 92' lang='lat' dir='ltr'>in</span> 
     </span>
     <span class='ocr_line' id='line_1_22' title="bbox 124 1759 1570 1813; baseline 0.001 -13"><span class='ocrx_word' id='word_1_166' title='bbox 124 1759 388 1813; x_wconf 84' lang='lat' dir='ltr'>exponenda,</span> <span class='ocrx_word' id='word_1_167' title='bbox 423 1760 680 1813; x_wconf 86' lang='lat' dir='ltr'>explicanda,</span> <span class='ocrx_word' id='word_1_168' title='bbox 719 1760 972 1802; x_wconf 86' lang='lat' dir='ltr'>defendenda</span> <span class='ocrx_word' id='word_1_169' title='bbox 999 1772 1072 1813; x_wconf 88' lang='lat' dir='ltr'>per</span> <span class='ocrx_word' id='word_1_170' title='bbox 1109 1765 1264 1801; x_wconf 86' lang='lat' dir='ltr'>ceteras</span> <span class='ocrx_word' id='word_1_171' title='bbox 1296 1760 1570 1813; x_wconf 82' lang='lat' dir='ltr'>disputationis</span> 
     </span>
     <span class='ocr_line' id='line_1_23' title="bbox 123 1833 1568 1887; baseline 0 -14"><span class='ocrx_word' id='word_1_172' title='bbox 123 1836 257 1887; x_wconf 78' lang='lat' dir='ltr'>partes</span> <span class='ocrx_word' id='word_1_173' title='bbox 299 1834 454 1874; x_wconf 87' lang='lat' dir='ltr'>versari</span> <span class='ocrx_word' id='word_1_174' title='bbox 497 1834 680 1886; x_wconf 86' lang='lat' dir='ltr'>potuerit.</span> <span class='ocrx_word' id='word_1_175' title='bbox 748 1834 846 1875; x_wconf 86' lang='lat' dir='ltr'>Nam</span> <span class='ocrx_word' id='word_1_176' title='bbox 888 1833 1092 1874; x_wconf 88' lang='lat' dir='ltr'>multarum</span> <span class='ocrx_word' id='word_1_177' title='bbox 1132 1834 1403 1887; x_wconf 85' lang='lat' dir='ltr'>quaestionum</span> <span class='ocrx_word' id='word_1_178' title='bbox 1450 1833 1568 1874; x_wconf 89' lang='lat' dir='ltr'>finem</span> 
     </span>
     <span class='ocr_line' id='line_1_24' title="bbox 124 1895 1567 1959; baseline 0.001 -15"><span class='ocrx_word' id='word_1_179' title='bbox 124 1905 227 1945; x_wconf 86' lang='lat' dir='ltr'>hunc</span> <span class='ocrx_word' id='word_1_180' title='bbox 259 1916 364 1956; x_wconf 89' lang='lat' dir='ltr'>esse,</span> <span class='ocrx_word' id='word_1_181' title='bbox 392 1909 434 1946; x_wconf 86' lang='lat' dir='ltr'>ut</span> <span class='ocrx_word' id='word_1_182' title='bbox 463 1905 513 1945; x_wconf 91' lang='lat' dir='ltr'>de</span> <span class='ocrx_word' id='word_1_183' title='bbox 541 1917 586 1945; x_wconf 91' lang='lat' dir='ltr'>re</span> <span class='ocrx_word' id='word_1_184' title='bbox 616 1895 784 1946; x_wconf 84' lang='lat' dir='ltr'>tractata</span> <span class='ocrx_word' id='word_1_185' title='bbox 816 1906 915 1945; x_wconf 89' lang='lat' dir='ltr'>certi</span> <span class='ocrx_word' id='word_1_186' title='bbox 944 1905 1039 1946; x_wconf 89' lang='lat' dir='ltr'>nihil</span> <span class='ocrx_word' id='word_1_187' title='bbox 1070 1906 1150 1946; x_wconf 89' lang='lat' dir='ltr'>dici</span> <span class='ocrx_word' id='word_1_188' title='bbox 1177 1917 1295 1958; x_wconf 93' lang='lat' dir='ltr'>posse</span> <span class='ocrx_word' id='word_1_189' title='bbox 1312 1905 1567 1959; x_wconf 86' lang='lat' dir='ltr'>intelligatur,</span> 
     </span>
     <span class='ocr_line' id='line_1_25' title="bbox 123 1977 1568 2032; baseline 0.001 -15"><span class='ocrx_word' id='word_1_190' title='bbox 123 1988 241 2018; x_wconf 88' lang='lat' dir='ltr'>nemo</span> <span class='ocrx_word' id='word_1_191' title='bbox 273 1981 335 2017; x_wconf 92' lang='lat' dir='ltr'>est</span> <span class='ocrx_word' id='word_1_192' title='bbox 364 1978 456 2031; x_wconf 87' lang='lat' dir='ltr'>quin</span> <span class='ocrx_word' id='word_1_193' title='bbox 486 1982 672 2030; x_wconf 86' lang='lat' dir='ltr'>expertus</span> <span class='ocrx_word' id='word_1_194' title='bbox 709 1978 772 2018; x_wconf 88' lang='lat' dir='ltr'>sit.</span> <span class='ocrx_word' id='word_1_195' title='bbox 827 1977 906 2019; x_wconf 85' lang='lat' dir='ltr'>Sed</span> <span class='ocrx_word' id='word_1_196' title='bbox 937 1978 1147 2031; x_wconf 85' lang='lat' dir='ltr'>ingeniosa</span> <span class='ocrx_word' id='word_1_197' title='bbox 1177 1979 1352 2032; x_wconf 84' lang='lat' dir='ltr'>satisque</span> <span class='ocrx_word' id='word_1_198' title='bbox 1382 1980 1568 2030; x_wconf 86' lang='lat' dir='ltr'>speciosa</span> 
     </span>
     <span class='ocr_line' id='line_1_26' title="bbox 123 2050 1568 2105; baseline 0.001 -14"><span class='ocrx_word' id='word_1_199' title='bbox 123 2055 185 2091; x_wconf 88' lang='lat' dir='ltr'>est</span> <span class='ocrx_word' id='word_1_200' title='bbox 227 2053 458 2092; x_wconf 88' lang='lat' dir='ltr'>coniectura</span> <span class='ocrx_word' id='word_1_201' title='bbox 501 2063 523 2091; x_wconf 90' lang='lat' dir='ltr'>a</span> <span class='ocrx_word' id='word_1_202' title='bbox 557 2051 598 2092; x_wconf 92' lang='lat' dir='ltr'>C.</span> <span class='ocrx_word' id='word_1_203' title='bbox 629 2052 693 2092; x_wconf 87' lang='lat' dir='ltr'>Fr.</span> <span class='ocrx_word' id='word_1_204' title='bbox 721 2050 949 2092; x_wconf 84' lang='lat' dir='ltr'>Hermanno</span> <span class='ocrx_word' id='word_1_205' title='bbox 989 2063 1079 2105; x_wconf 87' lang='lat' dir='ltr'>pag.</span> <span class='ocrx_word' id='word_1_206' title='bbox 1109 2050 1201 2092; x_wconf 82' lang='lat'>366.</span> <span class='ocrx_word' id='word_1_207' title='bbox 1246 2052 1459 2104; x_wconf 81' lang='lat' dir='ltr'>proposita.</span> <span class='ocrx_word' id='word_1_208' title='bbox 1529 2051 1568 2093; x_wconf 86' lang='lat' dir='ltr'>Is</span> 
     </span>
     <span class='ocr_line' id='line_1_27' title="bbox 88 2122 1568 2177; baseline 0.001 -16"><span class='ocrx_word' id='word_1_209' title='bbox 88 2158 90 2160; x_wconf 84' lang='lat'>.</span> <span class='ocrx_word' id='word_1_210' title='bbox 124 2124 229 2162; x_wconf 86' lang='lat' dir='ltr'>enim</span> <span class='ocrx_word' id='word_1_211' title='bbox 257 2127 418 2176; x_wconf 83' lang='lat' dir='ltr'>propter</span> <span class='ocrx_word' id='word_1_212' title='bbox 434 2123 525 2163; x_wconf 87' lang='lat' dir='ltr'>Plat.</span> <span class='ocrx_word' id='word_1_213' title='bbox 544 2124 703 2164; x_wconf 86' lang='lat' dir='ltr'>Theaet.</span> <span class='ocrx_word' id='word_1_214' title='bbox 733 2135 823 2177; x_wconf 87' lang='lat' dir='ltr'>pag.</span> <span class='ocrx_word' id='word_1_215' title='bbox 842 2122 1022 2164; x_wconf 79' lang='lat' dir='ltr'>162.DE</span> <span class='ocrx_word' id='word_1_216' title='bbox 1052 2135 1101 2163; x_wconf 86' lang='lat' dir='ltr'>an</span> <span class='ocrx_word' id='word_1_217' title='bbox 1131 2123 1180 2162; x_wconf 93' lang='lat' dir='ltr'>de</span> <span class='ocrx_word' id='word_1_218' title='bbox 1206 2122 1297 2162; x_wconf 86' lang='lat' dir='ltr'>&#39;deis</span> <span class='ocrx_word' id='word_1_219' title='bbox 1327 2123 1568 2176; x_wconf 88' lang='lat' dir='ltr'>Protagoras</span> 
     </span>
     <span class='ocr_line' id='line_1_28' title="bbox 125 2196 1569 2248; baseline 0.002 -12"><span class='ocrx_word' id='word_1_220' title='bbox 125 2201 247 2236; x_wconf 90' lang='lat' dir='ltr'>totum</span> <span class='ocrx_word' id='word_1_221' title='bbox 278 2196 419 2237; x_wconf 89' lang='lat' dir='ltr'>librum</span> <span class='ocrx_word' id='word_1_222' title='bbox 439 2197 661 2236; x_wconf 85' lang='lat' dir='ltr'>confecerit</span> <span class='ocrx_word' id='word_1_223' title='bbox 678 2196 793 2236; x_wconf 88' lang='lat' dir='ltr'>valde</span> <span class='ocrx_word' id='word_1_224' title='bbox 819 2196 1003 2236; x_wconf 88' lang='lat' dir='ltr'>dubitans</span> <span class='ocrx_word' id='word_1_225' title='bbox 1032 2197 1128 2248; x_wconf 71' lang='grc' dir='ltr'>περὶ</span> <span class='ocrx_word' id='word_1_226' title='bbox 1149 2197 1255 2235; x_wconf 71' lang='grc' dir='ltr'>θεῶν</span> <span class='ocrx_word' id='word_1_227' title='bbox 1273 2197 1569 2248; x_wconf 85' lang='lat' dir='ltr'>inscriptionem</span> 
     </span>
     <span class='ocr_line' id='line_1_29' title="bbox 125 2267 1570 2321; baseline 0 -12"><span class='ocrx_word' id='word_1_228' title='bbox 125 2281 216 2309; x_wconf 88' lang='lat' dir='ltr'>esse</span> <span class='ocrx_word' id='word_1_229' title='bbox 244 2272 350 2321; x_wconf 90' lang='lat' dir='ltr'>putat</span> <span class='ocrx_word' id='word_1_230' title='bbox 370 2269 561 2321; x_wconf 85' lang='lat' dir='ltr'>Diogenis</span> <span class='ocrx_word' id='word_1_231' title='bbox 589 2279 729 2308; x_wconf 85' lang='lat' dir='ltr'>errore</span> <span class='ocrx_word' id='word_1_232' title='bbox 756 2268 885 2309; x_wconf 84' lang='lat' dir='ltr'>fictam</span> <span class='ocrx_word' id='word_1_233' title='bbox 916 2269 1093 2310; x_wconf 83' lang='lat' dir='ltr'>eiusdem</span> <span class='ocrx_word' id='word_1_234' title='bbox 1120 2267 1209 2308; x_wconf 90' lang='lat' dir='ltr'>libri</span> <span class='ocrx_word' id='word_1_235' title='bbox 1240 2267 1340 2307; x_wconf 90' lang='lat' dir='ltr'>illius</span> <span class='ocrx_word' id='word_1_236' title='bbox 1372 2270 1471 2320; x_wconf 68' lang='grc' dir='ltr'>περὶ</span> <span class='ocrx_word' id='word_1_237' title='bbox 1492 2271 1570 2309; x_wconf 74' lang='grc' dir='ltr'>τοῦ</span> 
     </span>
     <span class='ocr_line' id='line_1_30' title="bbox 123 2336 1567 2394; baseline 0.001 -14"><span class='ocrx_word' id='word_1_238' title='bbox 123 2336 265 2391; x_wconf 76' lang='grc' dir='ltr'><em>ὄντος,</em></span> <span class='ocrx_word' id='word_1_239' title='bbox 306 2341 417 2380; x_wconf 90' lang='lat' dir='ltr'>cuius</span> <span class='ocrx_word' id='word_1_240' title='bbox 459 2340 537 2380; x_wconf 90' lang='lat' dir='ltr'>hoc</span> <span class='ocrx_word' id='word_1_241' title='bbox 581 2340 701 2380; x_wconf 80' lang='lat' dir='ltr'>fuisse</span> <span class='ocrx_word' id='word_1_242' title='bbox 744 2341 917 2382; x_wconf 87' lang='lat' dir='ltr'>initium:</span> <span class='ocrx_word' id='word_1_243' title='bbox 956 2342 1071 2394; x_wconf 79' lang='grc' dir='ltr'><em>Περί</em></span> <span class='ocrx_word' id='word_1_244' title='bbox 1110 2341 1185 2391; x_wconf 74' lang='grc' dir='ltr'>μὲν</span> <span class='ocrx_word' id='word_1_245' title='bbox 1223 2342 1333 2381; x_wconf 72' lang='grc' dir='ltr'>θεῶν</span> <span class='ocrx_word' id='word_1_246' title='bbox 1375 2340 1452 2380; x_wconf 72' lang='grc' dir='ltr'>οὐκ</span> <span class='ocrx_word' id='word_1_247' title='bbox 1485 2339 1567 2393; x_wconf 79' lang='grc' dir='ltr'>ἔχω</span> 
     </span>
     <span class='ocr_line' id='line_1_31' title="bbox 123 2409 1566 2467; baseline 0.001 -16"><span class='ocrx_word' id='word_1_248' title='bbox 123 2412 279 2453; x_wconf 70' lang='grc' dir='ltr'><strong><em>εἰδέναι</em></strong></span> <span class='ocrx_word' id='word_1_249' title='bbox 306 2410 390 2453; x_wconf 72' lang='grc' dir='ltr'>εἴθ’</span> <span class='ocrx_word' id='word_1_250' title='bbox 417 2411 474 2460; x_wconf 78' lang='grc' dir='ltr'>ὥς</span> <span class='ocrx_word' id='word_1_251' title='bbox 502 2410 606 2454; x_wconf 68' lang='grc' dir='ltr'><em>εἰσίν</em></span> <span class='ocrx_word' id='word_1_252' title='bbox 633 2409 712 2453; x_wconf 59' lang='grc' dir='ltr'>εἴθ’</span> <span class='ocrx_word' id='word_1_253' title='bbox 742 2409 799 2459; x_wconf 78' lang='grc' dir='ltr'>ὥς</span> <span class='ocrx_word' id='word_1_254' title='bbox 828 2413 904 2453; x_wconf 72' lang='grc' dir='ltr'>οὐκ</span> <span class='ocrx_word' id='word_1_255' title='bbox 934 2414 1038 2455; x_wconf 77' lang='grc' dir='ltr'>εἰσίν</span> <span class='ocrx_word' id='word_1_256' title='bbox 1058 2437 1110 2444; x_wconf 89' lang='lat'>-—</span> <span class='ocrx_word' id='word_1_257' title='bbox 1139 2410 1160 2464; x_wconf 78' lang='grc' dir='ltr'><em>ἦ</em></span> <span class='ocrx_word' id='word_1_258' title='bbox 1195 2412 1244 2463; x_wconf 71' lang='grc' dir='ltr'>δὲ</span> <span class='ocrx_word' id='word_1_259' title='bbox 1269 2411 1447 2465; x_wconf 61' lang='grc' dir='ltr'>ἀλήθεια</span> <span class='ocrx_word' id='word_1_260' title='bbox 1478 2410 1566 2467; x_wconf 75' lang='grc' dir='ltr'>ἥδε·</span> 
     </span>
     <span class='ocr_line' id='line_1_32' title="bbox 123 2477 1565 2536; baseline -0.002 -13"><span class='ocrx_word' id='word_1_261' title='bbox 123 2481 288 2523; x_wconf 70' lang='grc' dir='ltr'><strong><em>πάντων</em></strong></span> <span class='ocrx_word' id='word_1_262' title='bbox 319 2483 546 2536; x_wconf 77' lang='grc' dir='ltr'><em>χρημάτων</em></span> <span class='ocrx_word' id='word_1_263' title='bbox 575 2484 726 2536; x_wconf 80' lang='grc' dir='ltr'><em>μέτρον</em></span> <span class='ocrx_word' id='word_1_264' title='bbox 756 2477 977 2536; x_wconf 76' lang='grc' dir='ltr'><em>ἅνθρωπος</em></span> <span class='ocrx_word' id='word_1_265' title='bbox 1006 2487 1045 2523; x_wconf 79' lang='lat' dir='ltr'>et</span> <span class='ocrx_word' id='word_1_266' title='bbox 1070 2495 1106 2535; x_wconf 89' lang='lat' dir='ltr'>q.</span> <span class='ocrx_word' id='word_1_267' title='bbox 1129 2494 1241 2536; x_wconf 86' lang='lat' dir='ltr'>seqq.</span> <span class='ocrx_word' id='word_1_268' title='bbox 1301 2484 1415 2531; x_wconf 86' lang='lat' dir='ltr'>Quod</span> <span class='ocrx_word' id='word_1_269' title='bbox 1446 2496 1565 2536; x_wconf 78' lang='lat' dir='ltr'>quan-</span> 
     </span>
    </p>
   </div>
   <div class='ocr_carea' id='block_1_9' title="bbox 122 2554 1644 2609">
    <p class='ocr_par' dir='ltr' id='par_1_9' title="bbox 122 2554 1644 2609">
     <span class='ocr_line' id='line_1_33' title="bbox 122 2554 1644 2609; baseline -0.001 -15"><span class='ocrx_word' id='word_1_270' title='bbox 122 2566 238 2607; x_wconf 82' lang='lat' dir='ltr'>quam</span> <span class='ocrx_word' id='word_1_271' title='bbox 268 2554 452 2607; x_wconf 79' lang='lat' dir='ltr'>probavit</span> <span class='ocrx_word' id='word_1_272' title='bbox 479 2556 544 2597; x_wconf 90' lang='lat' dir='ltr'>ille</span> <span class='ocrx_word' id='word_1_273' title='bbox 574 2556 750 2609; x_wconf 86' lang='lat' dir='ltr'>Burgero</span> <span class='ocrx_word' id='word_1_274' title='bbox 782 2555 938 2609; x_wconf 87' lang='lat' dir='ltr'>Proleg.</span> <span class='ocrx_word' id='word_1_275' title='bbox 966 2560 1007 2595; x_wconf 82' lang='lat' dir='ltr'>et</span> <span class='ocrx_word' id='word_1_276' title='bbox 1030 2557 1180 2597; x_wconf 88' lang='lat' dir='ltr'>Annot.</span> <span class='ocrx_word' id='word_1_277' title='bbox 1212 2557 1252 2596; x_wconf 89' lang='lat' dir='ltr'>in</span> <span class='ocrx_word' id='word_1_278' title='bbox 1279 2556 1374 2598; x_wconf 82' lang='lat' dir='ltr'>Plat.</span> <span class='ocrx_word' id='word_1_279' title='bbox 1406 2556 1564 2598; x_wconf 80' lang='lat' dir='ltr'>Theaot,</span> <span class='ocrx_word' id='word_1_280' title='bbox 1638 2582 1644 2592; x_wconf 89' lang='lat'>.</span> 
     </span>
    </p>
   </div>
   <div class='ocr_carea' id='block_1_10' title="bbox 123 2627 1570 2754">
    <p class='ocr_par' dir='ltr' id='par_1_10' title="bbox 123 2627 1570 2754">
     <span class='ocr_line' id='line_1_34' title="bbox 123 2627 1566 2681; baseline -0.001 -14"><span class='ocrx_word' id='word_1_281' title='bbox 123 2636 215 2680; x_wconf 82' lang='lat' dir='ltr'>pag.</span> <span class='ocrx_word' id='word_1_282' title='bbox 231 2627 269 2678; x_wconf 87' lang='lat'>9,</span> <span class='ocrx_word' id='word_1_283' title='bbox 285 2631 415 2667; x_wconf 78' lang='lat' dir='ltr'>tamen</span> <span class='ocrx_word' id='word_1_284' title='bbox 431 2632 606 2669; x_wconf 86' lang='lat' dir='ltr'>veterum</span> <span class='ocrx_word' id='word_1_285' title='bbox 623 2628 857 2681; x_wconf 89' lang='lat' dir='ltr'>scriptorum</span> <span class='ocrx_word' id='word_1_286' title='bbox 875 2629 1147 2668; x_wconf 88' lang='lat' dir='ltr'>auctoritatem</span> <span class='ocrx_word' id='word_1_287' title='bbox 1165 2628 1241 2669; x_wconf 89' lang='lat' dir='ltr'>hac</span> <span class='ocrx_word' id='word_1_288' title='bbox 1258 2630 1295 2668; x_wconf 90' lang='lat' dir='ltr'>in</span> <span class='ocrx_word' id='word_1_289' title='bbox 1316 2641 1359 2668; x_wconf 91' lang='lat' dir='ltr'>re</span> <span class='ocrx_word' id='word_1_290' title='bbox 1377 2627 1483 2668; x_wconf 86' lang='lat' dir='ltr'>nihili</span> <span class='ocrx_word' id='word_1_291' title='bbox 1503 2627 1566 2666; x_wconf 79' lang='lat' dir='ltr'>fa-</span> 
     </span>
     <span class='ocr_line' id='line_1_35' title="bbox 124 2698 1570 2754; baseline -0.001 -15"><span class='ocrx_word' id='word_1_292' title='bbox 124 2698 307 2740; x_wconf 83' lang='lat' dir='ltr'>ciendam</span> <span class='ocrx_word' id='word_1_293' title='bbox 333 2711 429 2745; x_wconf 74' lang='lat' dir='ltr'>‚esse</span> <span class='ocrx_word' id='word_1_294' title='bbox 457 2712 587 2754; x_wconf 86' lang='lat' dir='ltr'>neque</span> <span class='ocrx_word' id='word_1_295' title='bbox 604 2701 767 2754; x_wconf 87' lang='lat' dir='ltr'>Burgeri</span> <span class='ocrx_word' id='word_1_296' title='bbox 796 2700 885 2740; x_wconf 89' lang='lat' dir='ltr'>libri</span> <span class='ocrx_word' id='word_1_297' title='bbox 914 2701 1074 2741; x_wconf 88' lang='lat' dir='ltr'>censori</span> <span class='ocrx_word' id='word_1_298' title='bbox 1104 2701 1205 2752; x_wconf 86' lang='lat' dir='ltr'>(vid.</span> <span class='ocrx_word' id='word_1_299' title='bbox 1229 2700 1384 2752; x_wconf 83' lang='lat' dir='ltr'>Bergkii</span> <span class='ocrx_word' id='word_1_300' title='bbox 1413 2698 1570 2739; x_wconf 84' lang='lat' dir='ltr'>etCae-</span> 
     </span>
    </p>
   </div>
   <div class='ocr_carea' id='block_1_11' title="bbox 125 2770 1641 2828">
    <p class='ocr_par' dir='ltr' id='par_1_11' title="bbox 125 2770 1641 2828">
     <span class='ocr_line' id='line_1_36' title="bbox 125 2770 1641 2828; baseline -0.001 -16"><span class='ocrx_word' id='word_1_301' title='bbox 125 2773 229 2812; x_wconf 80' lang='lat' dir='ltr'>saris</span> <span class='ocrx_word' id='word_1_302' title='bbox 256 2772 416 2826; x_wconf 82' lang='lat' dir='ltr'>Ephem.</span> <span class='ocrx_word' id='word_1_303' title='bbox 452 2772 570 2814; x_wconf 78' lang='lat'>1844.</span> <span class='ocrx_word' id='word_1_304' title='bbox 598 2785 689 2828; x_wconf 87' lang='lat' dir='ltr'>pag.</span> <span class='ocrx_word' id='word_1_305' title='bbox 724 2770 863 2822; x_wconf 75' lang='lat'>1023.)</span> <span class='ocrx_word' id='word_1_306' title='bbox 896 2784 1025 2825; x_wconf 84' lang='lat' dir='ltr'>neque</span> <span class='ocrx_word' id='word_1_307' title='bbox 1067 2774 1161 2815; x_wconf 84' lang='lat' dir='ltr'>mihi</span> <span class='ocrx_word' id='word_1_308' title='bbox 1192 2773 1436 2813; x_wconf 73' lang='lat' dir='ltr'>Hermannus</span> <span class='ocrx_word' id='word_1_309' title='bbox 1470 2783 1569 2823; x_wconf 81' lang='lat' dir='ltr'>per-</span> <span class='ocrx_word' id='word_1_310' title='bbox 1627 2802 1641 2811; x_wconf 80' lang='lat'>.-</span> 
     </span>
    </p>
   </div>
   <div class='ocr_carea' id='block_1_12' title="bbox 129 2844 1575 2902">
    <p class='ocr_par' dir='ltr' id='par_1_12' title="bbox 129 2844 1575 2902">
     <span class='ocr_line' id='line_1_37' title="bbox 129 2844 1575 2902; baseline -0.003 -15"><span class='ocrx_word' id='word_1_311' title='bbox 129 2846 268 2887; x_wconf 82' lang='lat' dir='ltr'>suasit.</span> <span class='ocrx_word' id='word_1_312' title='bbox 326 2846 493 2889; x_wconf 77' lang='lat' dir='ltr'>Primum</span> <span class='ocrx_word' id='word_1_313' title='bbox 532 2849 637 2890; x_wconf 89' lang='lat' dir='ltr'>enim</span> <span class='ocrx_word' id='word_1_314' title='bbox 673 2848 774 2889; x_wconf 86' lang='lat' dir='ltr'>hanc</span> <span class='ocrx_word' id='word_1_315' title='bbox 814 2847 1087 2902; x_wconf 74' lang='lat' dir='ltr'>quaestionem</span> <span class='ocrx_word' id='word_1_316' title='bbox 1118 2847 1356 2902; x_wconf 80' lang='lat' dir='ltr'>Protagoras</span> <span class='ocrx_word' id='word_1_317' title='bbox 1385 2845 1418 2888; x_wconf 76' lang='lat' dir='ltr'>si</span> <span class='ocrx_word' id='word_1_318' title='bbox 1449 2844 1575 2889; x_wconf 77' lang='lat' dir='ltr'>semel</span> 
     </span>
    </p>
   </div>
  </div>
 </body>
</html>
