1871 3204
245 311 247 313 ‚
438 255 555 309 Περὶ
577 255 655 307 μὲν
690 254 799 295 θεῶν
831 252 908 295 οὐκ
941 251 1027 308 ἐγω
1060 254 1217 296 εἰδέναι
1249 249 1344 295 οὔτε
1378 254 1435 304 ὦς
1464 256 1570 297 εἰσίν
1600 248 1695 298 οὔτε
1726 253 1784 305 ὥς

73 341 180 365 s·
218 336 235 390 [s
325 329 403 369 οῦκ
431 327 547 368 εἰσίν.
606 324 749 366 πολλοὶ·
768 327 845 378 γὰρ
877 326 925 367 τὰ
953 325 1167 371 κωλύοντα
1197 326 1378 367 εἰδέναι·
1438 323 1465 380 ἥ
1502 341 1546 368 τε
1579 326 1786 383 ἀδηλότης

326 415 395 441 και
423 396 594 452 βραχυς
624 391 682 439 ὠν
712 394 733 438 ὅ
763 400 853 451 βιός
880 400 958 439 τοῦ
986 397 1233 450 ἀνθρώπου

254 497 289 516 χ
300 471 423 530 Nam
468 470 677 511 Ciceronis
717 476 826 523 (cap.
854 470 941 512 Xll.
973 477 1010 521 §.
1039 470 1156 520 29.),
1195 469 1369 521 Valerii,
1407 471 1614 522 Timonis,
1659 471 1784 523 Sexti,

325 524 515 594 Eusebii,
553 543 822 598 Theodoreti‚
867 543 1089 597 Theophili
1114 544 1459 595 testimoniorum,
1496 545 1637 597 quibus
1667 545 1786 585 etiam

323 616 465 666 quales
496 615 561 656 dei
589 621 725 657 essent
741 628 787 657 se
807 618 968 662 nescire
982 614 1226 684 Protagoras
1254 616 1367 656 initio
1394 615 1485 656 libri
1513 616 1574 657 sui
1604 616 1789 670 posuisse

324 688 494 739 dicitur,
532 700 583 728 ea
609 693 673 728 est
699 689 907 738 conditio,
946 681 1016 730 ut
1013 698 1075 761 gx
1105 691 1187 731 urm
1217 692 1382 728 auctore
1413 687 1545 742 aliquo
1580 688 1787 741 depromta

323 773 415 801 esse
446 761 669 811 videantur,
700 762 778 813 qui,
804 739 1146 815 utProtag’oreum
1179 761 1365 814 placitum
1395 761 1610 815 suppleret,
1635 761 1686 802 de
1711 772 1785 802 suo

323 834 388 874 illa
424 834 652 874 addiderit:
695 846 917 887 quanquam
949 846 1001 873 ex
1030 834 1235 887 sophistae
1267 834 1368 876 libro
1399 833 1518 874 talem
1548 834 1785 875 Sententiam

322 909 451 960 repeti
482 909 660 960 potuisse
699 920 780 947 non
814 919 974 961 negem.
1033 907 1163 961 Atque
1203 908 1322 949 etiam
1354 907 1522 960 Cicero,
1561 906 1628 949 ubi
1664 905 1788 960 ipsius

320 980 443 1019 verba
477 980 638 1020 exhibet
670 988 780 1033 (cap.
798 979 922 1020 XXll.
954 984 987 1028 ς.
1009 979 1112 1031 63.),
1146 991 1234 1020 cum
1268 980 1451 1033 Diogene
1479 991 1644 1033 prorsus
1678 991 1784 1020 con-

320 1054 439 1105 gruit.
500 1052 633 1092 Ceteri
664 1057 793 1093 autem
821 1052 916 1103 loci,
948 1052 1091 1104 quibus
1119 1052 1364 1105 Protagorae
1397 1052 1447 1092 de
1478 1052 1565 1093 deis
1594 1052 1786 1093 dubitatio

322 1129 690 1175 commemoratur,
725 1124 775 1164 ad
806 1124 931 1177 ipsius
960 1124 1084 1165 verba
1115 1123 1403 1178 cognoscenda
1434 1123 1531 1164 nihil
1559 1124 1785 1165 conserunt.

317 1197 396 1237 los.
432 1209 469 1236 e.
501 1198 575 1249 Ap.
604 1197 673 1238 lib.
704 1196 749 1237 ΙΙ.
781 1208 869 1249 cap.
902 1196 984 1237 37:
1018 1194 1111 1237 Kal
1138 1193 1447 1249 Πρωταγόρας,
1480 1195 1521 1237 εἰ
1544 1194 1602 1249 μή
1631 1197 1789 1238 θᾶττον

320 1267 468 1325 ἔφυγε,
500 1255 762 1324 σύλληφθείς
792 1265 845 1311 ἂν
875 1267 1118 1324 ἐτεθνήκει,
1150 1267 1315 1322 γράψαι
1345 1284 1383 1309 τι
1411 1268 1534 1318 δόξας
1565 1263 1656 1322 οὐχ’
1688 1266 1790 1321 ὁμο·

318 1343 571 1394 λογούμενον
615 1347 698 1391 τοῖς
739 1342 988 1396 Ἀθηναίοις
1029 1342 1128 1395 περί
1165 1343 1295 1382 θεῶν.
1361 1340 1464 1383 Max.
1506 1341 1596 1394 Tyr.
1629 1341 1727 1382 diss.
1757 1341 1786 1383 1.

319 1413 485 1462 (XVH.)
527 1426 614 1466 cap.
646 1415 699 1454 5:
726 1437 783 1444 —-
831 1407 925 1454 Κᾶν
968 1413 1132 1465 α’γνοεῖν
1169 1428 1212 1453 τι
1241 1414 1349 1467 φῇς,
1393 1410 1450 1460 ὥς
1481 1412 1788 1466 Πρωταγόρας.

321 1485 504 1526 Philostr.
550 1487 631 1526 vita
661 1486 824 1539 Protag.
866 1484 930 1528 ed.
973 1485 1140 1538 Kayser.
1170 1497 1260 1539 pag.
1297 1486 1369 1526 15:
1419 1481 1475 1527 Τὸ
1520 1485 1567 1527 δὲ
1613 1484 1787 1538 αἠορεῖν

321 1555 501 1610 φάσκειν
531 1555 613 1598 εἴτε
646 1556 730 1598 εἰσί
759 1558 857 1597 θεοῖ
892 1554 976 1597 εἴτε
1021 1558 1097 1597 οὐκ
1133 1558 1219 1599 εἰσί
1249 1558 1368 1597 δοκεῖ
1387 1571 1459 1609 μοι
1489 1556 1789 1609 Πρωταγόρας

319 1631 365 1670 ἐκ
395 1632 467 1683 τῆς
496 1631 713 1682 Περσικῆς
745 1627 1009 1677 παιδεύσεως
1039 1631 1354 1683 παρανομῆσαι.
1383 1629 1526 1670 Minue.
1548 1629 1632 1670 Feb
1647 1629 1786 1670 Octav-

322 1715 408 1755 cap.
440 1702 547 1743 Vlll:
584 1703 703 1754 „Cum
733 1701 966 1743 Abderitem
995 1702 1255 1755 Protagoram
1274 1701 1544 1743 Athenienses
1574 1702 1650 1743 viri
1682 1714 1786 1743 con-

320 1776 423 1818 sulte
454 1778 585 1829 potius
616 1788 733 1828 qnam
764 1776 931 1828 profane
972 1776 1022 1815 de
1061 1775 1267 1816 divinitate
1297 1776 1561 1829 disputantem
1593 1780 1634 1816 ct
1659 1787 1790 1828 expu-

321 1850 443 1890 lerint
470 1849 553 1889 suis
583 1848 727 1888 finibus
757 1852 796 1887 et
824 1849 863 1888 in
897 1849 1096 1888 concione
1139 1848 1226 1888 eius
1268 1849 1416 1902 scripta
1457 1848 1704 1889 deusserint“
1746 1852 1788 1889 et

321 1934 357 1975 q.
392 1934 504 1975 seqq.
562 1921 739 1961 Lactant.
773 1920 823 1961 lr.
854 1921 926 1961 De.
956 1933 1040 1972 cap.
1060 1921 1149 1960 lX:
1180 1921 1354 1972 „Primus
1386 1922 1560 1961 omnium
1589 1920 1787 1974 Protago-

321 2007 389 2036 ras
422 1995 576 2035 exstitit
604 1994 850 2046 temporibus
879 1994 1083 2044 Socratis,
1123 1995 1189 2047 qui
1219 1993 1296 2034 sibi
1327 1993 1482 2035 diceret
1510 2005 1591 2034 non
1624 1994 1791 2046 liquere,

320 2073 448 2107 utrum
490 2070 599 2107 esset
646 2066 779 2118 aliqua
823 2066 1009 2106 divinitas
1050 2070 1220 2105 necne.“
1289 2065 1345 2105 ld.
1383 2066 1486 2105 Fals.
1528 2065 1615 2106 Rel.
1656 2065 1723 2106 lib.
1756 2065 1786 2106 1.

322 2151 409 2192 cap.
443 2140 492 2180 2:
525 2138 807 2191 „Protagoras‚
837 2138 903 2191 qui
933 2138 1033 2178 deos
1058 2139 1097 2178 in
1130 2137 1289 2179 dubium
1321 2139 1503 2178 vocavit“
1534 2142 1574 2178 et
1605 2150 1643 2191 q.
1673 2150 1786 2192 seqq.

322 2211 455 2265 Cyrill.
488 2223 522 2255 c,
554 2211 623 2252 lul.
652 2211 723 2252 lib.
754 2210 817 2252 Vl.
848 2223 940 2264 pag.
976 2211 1065 2252 189.
1094 2211 1153 2251 D:
1183 2208 1456 2266 Πρωταγόρᾳ
1487 2211 1533 2252 δὲ
1556 2208 1789 2266 γεγραφότι

281 2333 289 2338 κ
321 2284 420 2337 περὶ
447 2285 589 2336 θεῶν,
636 2280 665 2325 ἃ
690 2281 749 2338 μὴ
781 2289 867 2333 τοῖς
896 2283 1179 2337 ἀκροωμένοις
1206 2277 1257 2323 εὖ
1286 2280 1401 2336 ἔχειν
1429 2281 1560 2324 ἐδόκει
1579 2315 1591 2336 ,
1634 2284 1789 2325 δυσσε-

323 2359 439 2410 βείας
469 2357 624 2410 ἐπῆγον
651 2354 822 2411 γραφήν
842 2373 850 2382 ·
907 2359 1062 2407 μικροῦ
1093 2357 1166 2396 καί
1194 2354 1415 2407 διόλωλεν,
1459 2357 1500 2397 εἰ
1524 2356 1582 2410 μή
1614 2358 1789 2412 φθάσας

323 2424 454 2485 ᾤχετο
488 2427 592 2481 πρὸς
629 2425 798 2482 ἑτέρους
830 2415 907 2480 τχὴν
931 2427 1138 2480 Ἑλλήνων
1182 2427 1307 2482 ἀφείς
1339 2435 1441 2481 (quo
1474 2428 1523 2468 de
1551 2429 1644 2470 loco
1684 2429 1791 2472 conf.

323 2502 465 2542 Meieri
495 2501 636 2554 disput.
681 2502 732 2542 de
760 2501 940 2553 Diagora
979 2501 1136 2541 Erschii
1176 2505 1216 2541 et
1248 2501 1416 2542 Gruberi
1445 2500 1663 2556 Encyclop.
1696 2515 1789 2556 pag.

322 2574 419 2615 447.
450 2577 588 2613 annot.
616 2575 692 2623 5.).
751 2573 889 2614 loann.
924 2572 1133 2627 Chrysost.
1162 2574 1203 2614 in
1237 2573 1343 2613 Pauli
1373 2585 1433 2626 ep.
1468 2574 1519 2615 ad
1549 2574 1725 2616 Corinth.
1759 2578 1787 2615 1.

322 2648 429 2688 hom.
463 2646 527 2687 lv.
559 2657 645 2698 cap.
678 2647 728 2687 5:
775 2648 872 2687 Καὶ
893 2644 975 2699 γὰρ
1006 2645 1305 2698 Πρωταγόρας
1343 2649 1443 2701 παρ’
1474 2647 1615 2694 αὐτοῖς
1643 2645 1790 2701 ἐπειδή

321 2717 552 2772 ἐτόλμησεν
593 2717 748 2771 εἰπεῖν,
791 2714 858 2758 ὅτι
899 2718 974 2758 οὐκ
1014 2712 1107 2758 οἶδα
1152 2716 1308 2770 θεούς,
1353 2718 1404 2759 οὗ
1438 2717 1510 2772 τὴν
1549 2718 1792 2774 οἰκουμένην

320 2790 499 2845 περιιών
525 2789 599 2832 καί
631 2788 859 2845 κηρύττων,
892 2790 984 2832 ἀλλ’
1014 2791 1058 2832 ἐν
1084 2791 1161 2846 μιᾷ
1193 2788 1311 2830 πόλει
1342 2794 1438 2843 περὶ
1467 2787 1656 2843 ἐσχάτων
1684 2790 1792 2833 ἐκιν·

317 2865 536 2906 δύνευσεν.
596 2864 749 2905 Nimius
776 2867 837 2903 est
871 2863 1071 2914 Galenus,
1101 2863 1164 2903 cui
1195 2862 1353 2915 quidem
1385 2864 1486 2905 liber
1515 2864 1710 2917 tribuitur,
1740 2864 1792 2906 de
1814 2876 1830 2886 ⁴
1859 2904 1866 2910 ,

188 3017 313 3091 ..κ
891 3089 896 3094 ἢ
1190 3079 1193 3080 f
1637 2978 1696 3070 Χ
