1871 3204
844 123 1174 171 „24-

273 261 357 290 non
388 262 482 291 esse
513 262 564 291 ex
591 252 748 302 tripode
780 251 924 291 dictum
955 256 997 291 ut
1026 252 1261 300 ostendam,
1287 246 1332 291 ‘in
1364 252 1738 293 aliorumvirornm

271 322 478 363 doctorum
508 322 744 372 sententias,
773 334 872 375 quas
906 322 1066 364 Geelius
1096 333 1191 363 suas
1223 321 1349 373 fecit,
1380 321 1431 362 de
1461 323 1735 377 Anaxagorae

270 396 484 447 praecipue
516 394 816 446 Democritique
847 395 1091 447 temporibus
1124 393 1429 447 digrediendum
1458 394 1545 434 erit.
1598 394 1733 443 Quare

272 478 351 519 quo
399 478 532 507 rerum
563 465 641 507 hac
670 460 924 521 paragrapho
956 471 1212 509 tractatarum
1243 465 1345 508 ordo
1374 466 1531 508 facilius
1560 471 1730 509 tenere-

264 546 339 592 tur,
368 541 603 594 tripartitam
627 541 801 583 exhibui.

980 652 1009 693 1.

405 757 498 811 Pag.
545 757 611 799 68.
664 758 767 810 apud
816 758 995 800 Geelium
1045 758 1148 799 haec
1191 757 1400 811 leguntur:
1454 757 1538 808 „De
1583 756 1727 814 'Prota-

259 838 389 880 gorae
441 833 572 869 autem
615 834 746 870 aetate
797 834 838 870 et
881 830 1001 871 natali
1047 830 1112 871 die
1157 828 1394 871 incredibile
1435 832 1498 868 est
1539 832 1727 880 quantum

257 901 310 939 sit
338 901 515 940 virorum
544 901 754 942 doctorum
786 907 1003 942 certamen.
1063 902 1235 943 Maxima
1268 900 1478 942 difficultas
1509 900 1603 941 inde
1635 900 1726 940 ori-

255 977 332 1022 tur,
363 974 468 1025 quod
488 974 708 1014 Democriti
735 974 954 1027 discipulus
985 987 1006 1014 a
1039 974 1241 1026 plerisque
1272 979 1449 1014 veterum
1487 973 1722 1025 scriptorum

257 1045 501 1097 appellatur:
550 1047 664 1086 cuius
710 1051 841 1086 tamen
887 1046 1097 1099 aequalem
1139 1046 1202 1085 vel
1245 1057 1324 1098 que
1367 1047 1560 1085 maiorem
1604 1045 1722 1085 etiam

255 1119 381 1158 fuisse
413 1131 502 1158 eum
537 1120 587 1159 ab
616 1120 704 1159 aliis
737 1120 973 1159 ostenditur.
1033 1119 1116 1159 Nos
1159 1116 1319 1171 quidem
1362 1118 1467 1157 hane
1504 1118 1611 1158 litem
1643 1129 1723 1158 un-

254 1190 373 1243 quam
403 1190 611 1231 diremtum
645 1192 693 1231 iri
724 1202 805 1231 non
832 1196 1046 1244 putamus,
1087 1192 1322 1249 praesertim
1363 1203 1450 1232 eum
1481 1191 1606 1244 ipsius
1636 1190 1723 1230 De-

252 1264 410 1304 mocriti
452 1269 566 1304 aetas
591 1257 781 1304 omnium
825 1276 960 1304 rerum
1000 1264 1052 1304 sit
1093 1265 1369 1304 incertissima.
1440 1263 1543 1312 Quid
1587 1268 1721 1303 tamen

250 1335 369 1376 nobis
393 1336 733 1376 verosimillimum
764 1336 962 1384 videatur,
992 1347 1070 1389 age
1097 1336 1237 1388 paucis
1267 1335 1539 1378 ostendamus.
1594 1333 1719 1387 Apol-

252 1407 398 1448 lodoro
428 1412 532 1448 teste
563 1409 666 1461 apud
695 1409 920 1461 Diogenem
948 1408 1145 1449 Laertium
1176 1408 1244 1448 lib.
1274 1408 1322 1448 ΙΙ.
1350 1413 1390 1457 §-
1421 1408 1460 1448 7.
1494 1408 1594 1448 vixit
1609 1407 1719 1448 Ana·

251 1493 432 1535 xagoras
462 1482 572 1521 circa
604 1483 940 1534 septuagesimam
971 1481 1263 1534 olympiadem:
1286 1481 1344 1521 ibi
1362 1485 1493 1522 autem
1512 1491 1719 1522 numerum

250 1554 487 1594 mendosum
519 1565 612 1594 esse
643 1558 883 1594 monuerunt
913 1554 989 1594 viri
1030 1553 1141 1594 docti
1185 1554 1234 1594 ad
1273 1565 1364 1595 eum
1404 1553 1537 1594 locum
1573 1553 1718 1607 quique

251 1627 464 1668 laudantur
492 1627 553 1667 ab*
572 1627 757 1668 Harlesio
783 1627 834 1667 ad
858 1627 1030 1667 Fabricii
1047 1626 1333 1666 Bibliothecam
1356 1627 1553 1666 Graecam
1582 1625 1650 1666 lib.
1667 1625 1717 1666 Π.

249 1711 336 1753 cap.
370 1699 511 1740 XXlV.
543 1704 583 1748 ς.
615 1701 655 1739 5.
715 1700 769 1740 At
796 1710 893 1739 mox
925 1710 977 1738 ex
1006 1683 1150 1739 eodem
1172 1698 1423 1751 Apollodoro
1450 1702 1585 1738 narrat
1613 1698 1718 1738 Dio-

247 1776 383 1825 genes
409 1776 607 1811 mortuum
636 1782 728 1811 esse
756 1772 885 1823 primo
916 1782 1023 1810 anno
1052 1771 1375 1824 septuagesimae
1397 1775 1566 1810 octavae
1584 1770 1717 1822 olym-

246 1843 404 1897 piadis;
450 1843 555 1896 quod
587 1855 676 1884 cum
712 1843 764 1883 ob
797 1843 938 1884 multas
968 1844 1149 1883 rationes
1180 1855 1204 1883 a
1232 1843 1328 1883 viris
1354 1842 1483 1883 doctis
1512 1842 1719 1895 probetur,

246 1916 325 1955 boc
368 1917 420 1955 sit
465 1916 618 1955 initium
662 1920 826 1955 nostrae
868 1916 1190 1968 computationis.
1263 1918 1456 1956 Narratur
1497 1915 1646 1955 ibidem
1692 1926 1715 1954 a

245 1988 432 2041 Diogene
476 1988 629 2028 vixisse
657 1988 946 2041 Anaxagoram
989 1988 1241 2040 septuaginta
1283 1987 1364 2028 duo
1396 1999 1553 2029 annos:
1597 1991 1719 2028 natus

244 2060 367 2113 igitur
401 2064 464 2100 est
508 2061 614 2100 circa
662 2060 960 2112 sexagesimam
1004 2059 1284 2112 olympiadem.
1342 2060 1428 2100 Fuit
1468 2064 1599 2100 autem
1628 2060 1715 2100 De-

243 2133 437 2172 mocritus
467 2132 732 2185 quadraginta
765 2133 881 2172 annis
910 2132 1044 2172 iunior
1072 2133 1319 2186 Anaxagora
1354 2132 1457 2180 (vid.
1485 2132 1608 2185 ‚Diog.
1644 2131 1715 2172 La.

242 2204 311 2244 lib.
332 2203 400 2244 IX.
435 2212 500 2256 §§.
532 2205 599 2244 34.
631 2209 672 2244 et
699 2205 803 2253 41.).
860 2204 985 2245 Natus
1014 2216 1114 2257 ergo
1148 2209 1210 2245 est
1241 2204 1468 2257 olympiade
1494 2209 1715 2258 septuage-

242 2277 353 2319 sima.
413 2276 493 2316 Cfr.
523 2277 643 2317 etiam
674 2277 1001 2318 Tennemannum
1029 2281 1124 2318 tom.
1149 2277 1177 2318 1.
1207 2289 1299 2331 pag.
1332 2278 1451 2317 271.“

329 2349 454 2396 Quum
470 2348 633 2389 Geelius
651 2360 810 2401 quoque
824 2349 1071 2401 Protagorae
1101 2353 1272 2389 aetatem
1303 2361 1354 2389 ex
1367 2348 1586 2389 Democriti
1608 2352 1715 2388 tem-

242 2421 406 2474 poribus
426 2421 592 2462 definire
609 2422 781 2473 studeat,
811 2423 850 2462 in
865 2422 1085 2463 Democriti
1116 2435 1262 2463 annum
1288 2421 1460 2462 natalem
1482 2420 1713 2475 diligentius

243 2493 363 2534 nobis
402 2494 683 2546 inquirendum
720 2499 796 2536 est.
853 2493 1114 2550 Nequaquam
1153 2497 1261 2537 enim
1300 2498 1380 2536 tam
1418 2498 1480 2535 est
1518 2495 1712 2547 incertus,

241 2580 359 2622 quam
390 2566 530 2608 Geelio
555 2568 727 2610 videtur.

353 2639 507 2679 Primus
538 2651 654 2691 quem
696 2640 823 2681 attulit
860 2639 975 2680 locus
1005 2644 1067 2680 est
1095 2640 1216 2692 Diog.
1245 2639 1374 2680 Laert.
1405 2639 1472 2679 lib.
1503 2638 1551 2680 11.
1583 2647 1621 2692 5.
1653 2639 1709 2679 7:

241 2712 425 2764 Λέγεται
456 2711 504 2751 δὲ
533 2709 865 2766 (Ἀναξαγόρας)
894 2709 999 2752 κατὰ
1031 2709 1109 2764 τήν
1134 2706 1295 2763 Ξέρξου
1327 2709 1525 2763 διάβασιν
1556 2708 1711 2752 εἴκοσιν

241 2779 343 2823 ἐτῶν
371 2776 493 2834 εἶναι,
522 2783 769 2834 βεβιωκέναι
801 2784 847 2824 δὲ
877 2779 1166 2836 ἑβδομήκοντα
1195 2782 1286 2822 δύο.
1347 2783 1462 2835 Φησί
1493 2776 1712 2824 δ”Λπόλ-

245 2853 426 2909 λόδωρος
456 2856 501 2896 ἐν
527 2858 614 2904 τοῖς
644 2859 873 2908 χρονικοῖς,
900 2855 1153 2909 γεγενῆσθαι
1182 2852 1312 2896 αὐτὸν
1340 2856 1392 2910 τῇ
1417 2849 1711 2910 ἑβδομηκοστῇ
