<?xml version="1.0" encoding="UTF-8"?>
<!DOCTYPE html PUBLIC "-//W3C//DTD XHTML 1.0 Transitional//EN"
    "http://www.w3.org/TR/xhtml1/DTD/xhtml1-transitional.dtd">
<html xmlns="http://www.w3.org/1999/xhtml" xml:lang="en" lang="en">
 <head>
  <title>
</title>
<meta http-equiv="Content-Type" content="text/html;charset=utf-8" />
  <meta name='ocr-system' content='tesseract 3.04.00' />
  <meta name='ocr-capabilities' content='ocr_page ocr_carea ocr_par ocr_line ocrx_word'/>
</head>
<body>
  <div class='ocr_page' id='page_1' title='image "./4738009_0038.png"; bbox 0 0 1871 3204; ppageno 0'>
   <div class='ocr_carea' id='block_1_1' title="bbox 874 170 1202 213">
    <p class='ocr_par' dir='ltr' id='par_1_1' title="bbox 874 170 1202 213">
     <span class='ocr_line' id='line_1_1' title="bbox 874 170 1202 213; baseline -0.003 -13"><span class='ocrx_word' id='word_1_1' title='bbox 874 170 1202 213; x_wconf 54' lang='grc' dir='ltr'>-ρο,</span> 
     </span>
    </p>
   </div>
   <div class='ocr_carea' id='block_1_2' title="bbox 289 293 1776 2952">
    <p class='ocr_par' dir='ltr' id='par_1_2' title="bbox 289 293 1776 2952">
     <span class='ocr_line' id='line_1_2' title="bbox 318 293 1776 347; baseline -0.001 -13"><span class='ocrx_word' id='word_1_2' title='bbox 318 295 467 335; x_wconf 86' lang='lat' dir='ltr'>tionem</span> <span class='ocrx_word' id='word_1_3' title='bbox 501 305 611 333; x_wconf 85' lang='lat' dir='ltr'>suam</span> <span class='ocrx_word' id='word_1_4' title='bbox 651 305 699 332; x_wconf 87' lang='lat' dir='ltr'>ea</span> <span class='ocrx_word' id='word_1_5' title='bbox 732 305 777 333; x_wconf 91' lang='lat' dir='ltr'>se</span> <span class='ocrx_word' id='word_1_6' title='bbox 817 301 998 336; x_wconf 90' lang='lat' dir='ltr'>secutum</span> <span class='ocrx_word' id='word_1_7' title='bbox 1044 307 1135 335; x_wconf 86' lang='lat' dir='ltr'>esse</span> <span class='ocrx_word' id='word_1_8' title='bbox 1181 295 1236 334; x_wconf 85' lang='lat' dir='ltr'>ait</span> <span class='ocrx_word' id='word_1_9' title='bbox 1278 294 1460 343; x_wconf 85' lang='lat' dir='ltr'>indicia,</span> <span class='ocrx_word' id='word_1_10' title='bbox 1506 294 1648 347; x_wconf 87' lang='lat' dir='ltr'>quibus</span> <span class='ocrx_word' id='word_1_11' title='bbox 1675 293 1776 334; x_wconf 84' lang='lat' dir='ltr'>Pro-</span> 
     </span>
     <span class='ocr_line' id='line_1_3' title="bbox 320 365 1776 420; baseline -0.001 -13"><span class='ocrx_word' id='word_1_12' title='bbox 320 371 488 420; x_wconf 87' lang='lat' dir='ltr'>tagorae</span> <span class='ocrx_word' id='word_1_13' title='bbox 534 368 703 404; x_wconf 86' lang='lat' dir='ltr'>aetatem</span> <span class='ocrx_word' id='word_1_14' title='bbox 744 365 785 405; x_wconf 92' lang='lat' dir='ltr'>in</span> <span class='ocrx_word' id='word_1_15' title='bbox 828 370 1008 420; x_wconf 85' lang='lat' dir='ltr'>tempora</span> <span class='ocrx_word' id='word_1_16' title='bbox 1050 377 1152 419; x_wconf 86' lang='lat' dir='ltr'>quae</span> <span class='ocrx_word' id='word_1_17' title='bbox 1180 369 1330 418; x_wconf 69' lang='lat' dir='ltr'>‘posset</span> <span class='ocrx_word' id='word_1_18' title='bbox 1365 365 1639 417; x_wconf 87' lang='lat' dir='ltr'>antiquissima</span> <span class='ocrx_word' id='word_1_19' title='bbox 1666 365 1776 415; x_wconf 43' lang='lat' dir='ltr'>,reii-</span> 
     </span>
     <span class='ocr_line' id='line_1_4' title="bbox 319 436 1775 490; baseline -0.001 -12"><span class='ocrx_word' id='word_1_20' title='bbox 319 442 443 487; x_wconf 85' lang='lat' dir='ltr'>ceret,</span> <span class='ocrx_word' id='word_1_21' title='bbox 477 438 588 476; x_wconf 90' lang='lat' dir='ltr'>cuius</span> <span class='ocrx_word' id='word_1_22' title='bbox 618 437 787 477; x_wconf 88' lang='lat' dir='ltr'>rationis</span> <span class='ocrx_word' id='word_1_23' title='bbox 815 451 978 479; x_wconf 87' lang='lat' dir='ltr'>causam</span> <span class='ocrx_word' id='word_1_24' title='bbox 1006 439 1093 490; x_wconf 91' lang='lat' dir='ltr'>ipse</span> <span class='ocrx_word' id='word_1_25' title='bbox 1115 437 1265 478; x_wconf 88' lang='lat' dir='ltr'>indicat</span> <span class='ocrx_word' id='word_1_26' title='bbox 1283 437 1415 490; x_wconf 87' lang='lat' dir='ltr'>paullo</span> <span class='ocrx_word' id='word_1_27' title='bbox 1434 436 1537 477; x_wconf 82' lang='lat' dir='ltr'>infra</span> <span class='ocrx_word' id='word_1_28' title='bbox 1568 437 1618 476; x_wconf 90' lang='lat' dir='ltr'>de</span> <span class='ocrx_word' id='word_1_29' title='bbox 1650 437 1775 477; x_wconf 86' lang='lat' dir='ltr'>altera</span> 
     </span>
     <span class='ocr_line' id='line_1_5' title="bbox 319 508 1775 564; baseline -0.001 -15"><span class='ocrx_word' id='word_1_30' title='bbox 319 511 407 560; x_wconf 88' lang='lat' dir='ltr'>via,</span> <span class='ocrx_word' id='word_1_31' title='bbox 457 520 532 561; x_wconf 84' lang='lat' dir='ltr'>qua</span> <span class='ocrx_word' id='word_1_32' title='bbox 565 509 826 564; x_wconf 79' lang='lat' dir='ltr'>Protagoram</span> <span class='ocrx_word' id='word_1_33' title='bbox 871 522 977 552; x_wconf 88' lang='lat' dir='ltr'>anno</span> <span class='ocrx_word' id='word_1_34' title='bbox 1007 510 1101 552; x_wconf 85' lang='lat'>410.</span> <span class='ocrx_word' id='word_1_35' title='bbox 1143 514 1341 550; x_wconf 90' lang='lat' dir='ltr'>mortuum</span> <span class='ocrx_word' id='word_1_36' title='bbox 1379 519 1475 549; x_wconf 89' lang='lat' dir='ltr'>esse</span> <span class='ocrx_word' id='word_1_37' title='bbox 1499 508 1775 549; x_wconf 85' lang='lat' dir='ltr'>demonstrare</span> 
     </span>
     <span class='ocr_line' id='line_1_6' title="bbox 289 580 1775 636; baseline -0.002 -14"><span class='ocrx_word' id='word_1_38' title='bbox 289 597 291 600; x_wconf 95' lang='lat'>·</span> <span class='ocrx_word' id='word_1_39' title='bbox 316 586 487 622; x_wconf 90' lang='lat' dir='ltr'>conatus</span> <span class='ocrx_word' id='word_1_40' title='bbox 509 587 582 633; x_wconf 89' lang='lat' dir='ltr'>est,</span> <span class='ocrx_word' id='word_1_41' title='bbox 612 582 691 624; x_wconf 92' lang='lat' dir='ltr'>hoc</span> <span class='ocrx_word' id='word_1_42' title='bbox 711 595 907 625; x_wconf 86' lang='lat' dir='ltr'>monens:</span> <span class='ocrx_word' id='word_1_43' title='bbox 939 584 1074 636; x_wconf 85' lang='lat' dir='ltr'>„Cette</span> <span class='ocrx_word' id='word_1_44' title='bbox 1098 582 1402 623; x_wconf 81' lang='lat' dir='ltr'>determination</span> <span class='ocrx_word' id='word_1_45' title='bbox 1430 580 1641 621; x_wconf 88' lang='lat' dir='ltr'>s&#39;accorde</span> <span class='ocrx_word' id='word_1_46' title='bbox 1673 592 1775 620; x_wconf 85' lang='lat' dir='ltr'>avec</span> 
     </span>
     <span class='ocr_line' id='line_1_7' title="bbox 312 651 1773 706; baseline -0.001 -14"><span class='ocrx_word' id='word_1_47' title='bbox 312 653 351 693; x_wconf 90' lang='lat' dir='ltr'>la</span> <span class='ocrx_word' id='word_1_48' title='bbox 380 652 475 693; x_wconf 89' lang='lat' dir='ltr'>date</span> <span class='ocrx_word' id='word_1_49' title='bbox 506 655 710 706; x_wconf 80' lang='lat' dir='ltr'>proposee</span> <span class='ocrx_word' id='word_1_50' title='bbox 748 655 944 705; x_wconf 82' lang='lat' dir='ltr'>d&#39;abord,</span> <span class='ocrx_word' id='word_1_51' title='bbox 983 660 1023 694; x_wconf 91' lang='lat' dir='ltr'>et</span> <span class='ocrx_word' id='word_1_52' title='bbox 1056 654 1155 694; x_wconf 91' lang='lat' dir='ltr'>dans</span> <span class='ocrx_word' id='word_1_53' title='bbox 1184 655 1380 694; x_wconf 58' lang='lat' dir='ltr'>[examen</span> <span class='ocrx_word' id='word_1_54' title='bbox 1415 653 1466 693; x_wconf 87' lang='lat' dir='ltr'>de</span> <span class='ocrx_word' id='word_1_55' title='bbox 1494 651 1663 705; x_wconf 78' lang='lat' dir='ltr'>laquelle</span> <span class='ocrx_word' id='word_1_56' title='bbox 1689 652 1773 704; x_wconf 86' lang='lat' dir='ltr'>j’a-</span> 
     </span>
     <span class='ocr_line' id='line_1_8' title="bbox 312 724 1774 781; baseline -0.001 -15"><span class='ocrx_word' id='word_1_57' title='bbox 312 727 400 767; x_wconf 90' lang='lat' dir='ltr'>vais</span> <span class='ocrx_word' id='word_1_58' title='bbox 427 727 529 767; x_wconf 86' lang='lat' dir='ltr'>suivi</span> <span class='ocrx_word' id='word_1_59' title='bbox 557 727 595 768; x_wconf 92' lang='lat' dir='ltr'>la</span> <span class='ocrx_word' id='word_1_60' title='bbox 624 726 826 779; x_wconf 83' lang='lat' dir='ltr'>methode‚</span> <span class='ocrx_word' id='word_1_61' title='bbox 856 729 922 781; x_wconf 86' lang='lat' dir='ltr'>qui</span> <span class='ocrx_word' id='word_1_62' title='bbox 949 728 1111 781; x_wconf 88' lang='lat' dir='ltr'>pouvait</span> <span class='ocrx_word' id='word_1_63' title='bbox 1141 726 1241 767; x_wconf 87' lang='lat' dir='ltr'>faire</span> <span class='ocrx_word' id='word_1_64' title='bbox 1268 730 1473 767; x_wconf 90' lang='lat' dir='ltr'>remonter</span> <span class='ocrx_word' id='word_1_65' title='bbox 1500 725 1537 767; x_wconf 92' lang='lat' dir='ltr'>le</span> <span class='ocrx_word' id='word_1_66' title='bbox 1564 724 1650 779; x_wconf 92' lang='lat' dir='ltr'>plus</span> <span class='ocrx_word' id='word_1_67' title='bbox 1677 724 1774 766; x_wconf 90' lang='lat' dir='ltr'>haut</span> 
     </span>
     <span class='ocr_line' id='line_1_9' title="bbox 311 798 1769 853; baseline -0.001 -15"><span class='ocrx_word' id='word_1_68' title='bbox 311 799 498 850; x_wconf 80' lang='lat' dir='ltr'>l&#39;epoque</span> <span class='ocrx_word' id='word_1_69' title='bbox 532 799 582 838; x_wconf 86' lang='lat' dir='ltr'>de</span> <span class='ocrx_word' id='word_1_70' title='bbox 613 799 651 838; x_wconf 87' lang='lat' dir='ltr'>la</span> <span class='ocrx_word' id='word_1_71' title='bbox 680 805 785 839; x_wconf 90' lang='lat' dir='ltr'>mort</span> <span class='ocrx_word' id='word_1_72' title='bbox 818 800 868 839; x_wconf 89' lang='lat' dir='ltr'>de</span> <span class='ocrx_word' id='word_1_73' title='bbox 898 801 1139 853; x_wconf 82' lang='lat' dir='ltr'>Protagore‚</span> <span class='ocrx_word' id='word_1_74' title='bbox 1183 800 1206 839; x_wconf 77' lang='lat' dir='ltr'>a</span> <span class='ocrx_word' id='word_1_75' title='bbox 1247 799 1298 839; x_wconf 89' lang='lat' dir='ltr'>fin</span> <span class='ocrx_word' id='word_1_76' title='bbox 1333 800 1383 839; x_wconf 91' lang='lat' dir='ltr'>de</span> <span class='ocrx_word' id='word_1_77' title='bbox 1411 800 1550 839; x_wconf 87' lang='lat' dir='ltr'>traiter</span> <span class='ocrx_word' id='word_1_78' title='bbox 1577 798 1769 850; x_wconf 90' lang='lat' dir='ltr'>l&#39;opinion</span> 
     </span>
     <span class='ocr_line' id='line_1_10' title="bbox 309 869 1766 926; baseline 0 -16"><span class='ocrx_word' id='word_1_79' title='bbox 309 881 386 924; x_wconf 92' lang='lat' dir='ltr'>que</span> <span class='ocrx_word' id='word_1_80' title='bbox 411 870 455 924; x_wconf 77' lang='lat' dir='ltr'>Je</span> <span class='ocrx_word' id='word_1_81' title='bbox 487 871 724 912; x_wconf 88' lang='lat' dir='ltr'>combattais</span> <span class='ocrx_word' id='word_1_82' title='bbox 752 883 852 912; x_wconf 91' lang='lat' dir='ltr'>avec</span> <span class='ocrx_word' id='word_1_83' title='bbox 881 871 919 912; x_wconf 93' lang='lat' dir='ltr'>le</span> <span class='ocrx_word' id='word_1_84' title='bbox 949 872 1036 926; x_wconf 91' lang='lat' dir='ltr'>plus</span> <span class='ocrx_word' id='word_1_85' title='bbox 1069 871 1120 913; x_wconf 92' lang='lat' dir='ltr'>de</span> <span class='ocrx_word' id='word_1_86' title='bbox 1150 871 1290 913; x_wconf 83' lang='lat' dir='ltr'>faveur</span> <span class='ocrx_word' id='word_1_87' title='bbox 1321 870 1414 924; x_wconf 90' lang='lat' dir='ltr'>qu’il</span> <span class='ocrx_word' id='word_1_88' title='bbox 1434 870 1530 911; x_wconf 84' lang='lat' dir='ltr'>etait</span> <span class='ocrx_word' id='word_1_89' title='bbox 1553 869 1766 923; x_wconf 87' lang='lat' dir='ltr'>possible.“</span> 
     </span>
     <span class='ocr_line' id='line_1_11' title="bbox 310 944 1770 997; baseline 0 -14"><span class='ocrx_word' id='word_1_90' title='bbox 310 944 423 991; x_wconf 86' lang='lat' dir='ltr'><strong>Quae</strong></span> <span class='ocrx_word' id='word_1_91' title='bbox 454 948 494 983; x_wconf 89' lang='lat' dir='ltr'>ut</span> <span class='ocrx_word' id='word_1_92' title='bbox 527 944 799 996; x_wconf 80' lang='lat' dir='ltr'>intelligantur</span> <span class='ocrx_word' id='word_1_93' title='bbox 840 945 1129 986; x_wconf 86' lang='lat' dir='ltr'>advertendum</span> <span class='ocrx_word' id='word_1_94' title='bbox 1161 950 1246 997; x_wconf 91' lang='lat' dir='ltr'>est,</span> <span class='ocrx_word' id='word_1_95' title='bbox 1294 946 1446 986; x_wconf 85' lang='lat' dir='ltr'>Frereti</span> <span class='ocrx_word' id='word_1_96' title='bbox 1490 944 1541 984; x_wconf 91' lang='lat' dir='ltr'>de</span> <span class='ocrx_word' id='word_1_97' title='bbox 1569 944 1770 997; x_wconf 82' lang='lat' dir='ltr'>Protago-</span> 
     </span>
     <span class='ocr_line' id='line_1_12' title="bbox 306 1016 1769 1070; baseline -0.001 -14"><span class='ocrx_word' id='word_1_98' title='bbox 306 1028 380 1057; x_wconf 86' lang='lat' dir='ltr'>rae</span> <span class='ocrx_word' id='word_1_99' title='bbox 411 1016 655 1069; x_wconf 82' lang='lat' dir='ltr'>temporibus</span> <span class='ocrx_word' id='word_1_100' title='bbox 688 1017 967 1070; x_wconf 87' lang='lat' dir='ltr'>quaestionem</span> <span class='ocrx_word' id='word_1_101' title='bbox 1001 1028 1083 1058; x_wconf 91' lang='lat' dir='ltr'>non</span> <span class='ocrx_word' id='word_1_102' title='bbox 1127 1029 1220 1058; x_wconf 88' lang='lat' dir='ltr'>esse</span> <span class='ocrx_word' id='word_1_103' title='bbox 1250 1028 1323 1059; x_wconf 86' lang='lat' dir='ltr'>sua</span> <span class='ocrx_word' id='word_1_104' title='bbox 1352 1016 1475 1070; x_wconf 90' lang='lat' dir='ltr'>ipsius</span> <span class='ocrx_word' id='word_1_105' title='bbox 1505 1027 1627 1057; x_wconf 80' lang='lat' dir='ltr'>causa</span> <span class='ocrx_word' id='word_1_106' title='bbox 1664 1026 1769 1056; x_wconf 90' lang='lat' dir='ltr'>con-</span> 
     </span>
     <span class='ocr_line' id='line_1_13' title="bbox 310 1088 1769 1141; baseline -0.001 -13"><span class='ocrx_word' id='word_1_107' title='bbox 310 1089 527 1141; x_wconf 77' lang='lat' dir='ltr'>scriptam,</span> <span class='ocrx_word' id='word_1_108' title='bbox 581 1089 653 1128; x_wconf 86' lang='lat' dir='ltr'>sed</span> <span class='ocrx_word' id='word_1_109' title='bbox 697 1101 797 1140; x_wconf 84' lang='lat' dir='ltr'>„une</span> <span class='ocrx_word' id='word_1_110' title='bbox 839 1089 1042 1130; x_wconf 65' lang='lat' dir='ltr'>addition«</span> <span class='ocrx_word' id='word_1_111' title='bbox 1085 1090 1229 1129; x_wconf 90' lang='lat' dir='ltr'>maiori</span> <span class='ocrx_word' id='word_1_112' title='bbox 1274 1089 1501 1141; x_wconf 85' lang='lat' dir='ltr'>quaestioni</span> <span class='ocrx_word' id='word_1_113' title='bbox 1542 1088 1769 1128; x_wconf 89' lang='lat' dir='ltr'>adiunctam</span> 
     </span>
     <span class='ocr_line' id='line_1_14' title="bbox 306 1159 1768 1214; baseline 0 -14"><span class='ocrx_word' id='word_1_114' title='bbox 306 1172 399 1213; x_wconf 81' lang='lat' dir='ltr'>„sur</span> <span class='ocrx_word' id='word_1_115' title='bbox 430 1160 489 1200; x_wconf 93' lang='lat' dir='ltr'>les</span> <span class='ocrx_word' id='word_1_116' title='bbox 519 1172 663 1201; x_wconf 84' lang='lat' dir='ltr'>causes</span> <span class='ocrx_word' id='word_1_117' title='bbox 694 1165 734 1201; x_wconf 93' lang='lat' dir='ltr'>et</span> <span class='ocrx_word' id='word_1_118' title='bbox 764 1173 832 1201; x_wconf 93' lang='lat' dir='ltr'>sur</span> <span class='ocrx_word' id='word_1_119' title='bbox 863 1160 1054 1214; x_wconf 88' lang='lat' dir='ltr'>quelques</span> <span class='ocrx_word' id='word_1_120' title='bbox 1090 1162 1392 1201; x_wconf 90' lang='lat' dir='ltr'>circonstances</span> <span class='ocrx_word' id='word_1_121' title='bbox 1424 1159 1474 1200; x_wconf 91' lang='lat' dir='ltr'>de</span> <span class='ocrx_word' id='word_1_122' title='bbox 1503 1159 1542 1200; x_wconf 87' lang='lat' dir='ltr'>la</span> <span class='ocrx_word' id='word_1_123' title='bbox 1572 1159 1768 1200; x_wconf 84' lang='lat' dir='ltr'>condam-</span> 
     </span>
     <span class='ocr_line' id='line_1_15' title="bbox 304 1231 1764 1289; baseline -0.001 -17"><span class='ocrx_word' id='word_1_124' title='bbox 304 1234 443 1273; x_wconf 85' lang='lat' dir='ltr'>nation</span> <span class='ocrx_word' id='word_1_125' title='bbox 472 1232 521 1272; x_wconf 93' lang='lat' dir='ltr'>de</span> <span class='ocrx_word' id='word_1_126' title='bbox 551 1233 742 1274; x_wconf 79' lang='lat' dir='ltr'>Socrate“</span> <span class='ocrx_word' id='word_1_127' title='bbox 780 1232 829 1273; x_wconf 88' lang='lat' dir='ltr'>ab</span> <span class='ocrx_word' id='word_1_128' title='bbox 863 1233 1007 1273; x_wconf 91' lang='lat' dir='ltr'>eodem</span> <span class='ocrx_word' id='word_1_129' title='bbox 1038 1233 1254 1273; x_wconf 84' lang='lat' dir='ltr'>institutae.</span> <span class='ocrx_word' id='word_1_130' title='bbox 1308 1232 1399 1281; x_wconf 82' lang='lat' dir='ltr'>Qua</span> <span class='ocrx_word' id='word_1_131' title='bbox 1431 1231 1629 1289; x_wconf 84' lang='lat' dir='ltr'>cum-hoc</span> <span class='ocrx_word' id='word_1_132' title='bbox 1658 1236 1764 1286; x_wconf 83' lang='lat' dir='ltr'>agat,</span> 
     </span>
     <span class='ocr_line' id='line_1_16' title="bbox 306 1306 1765 1359; baseline 0.001 -14"><span class='ocrx_word' id='word_1_133' title='bbox 306 1310 350 1345; x_wconf 93' lang='lat' dir='ltr'>ut</span> <span class='ocrx_word' id='word_1_134' title='bbox 379 1311 548 1346; x_wconf 88' lang='lat' dir='ltr'>mortem</span> <span class='ocrx_word' id='word_1_135' title='bbox 581 1307 759 1346; x_wconf 88' lang='lat' dir='ltr'>Socratis</span> <span class='ocrx_word' id='word_1_136' title='bbox 788 1318 870 1346; x_wconf 94' lang='lat' dir='ltr'>non</span> <span class='ocrx_word' id='word_1_137' title='bbox 906 1306 1002 1347; x_wconf 93' lang='lat' dir='ltr'>odio</span> <span class='ocrx_word' id='word_1_138' title='bbox 1046 1311 1087 1347; x_wconf 91' lang='lat' dir='ltr'>et</span> <span class='ocrx_word' id='word_1_139' title='bbox 1110 1307 1302 1347; x_wconf 77' lang='lat' dir='ltr'>&#39;invidiae</span> <span class='ocrx_word' id='word_1_140' title='bbox 1339 1306 1607 1359; x_wconf 85' lang='lat' dir='ltr'>sophistarum</span> <span class='ocrx_word' id='word_1_141' title='bbox 1634 1306 1765 1359; x_wconf 86' lang='lat' dir='ltr'>impu-</span> 
     </span>
     <span class='ocr_line' id='line_1_17' title="bbox 302 1377 1763 1431; baseline 0 -15"><span class='ocrx_word' id='word_1_142' title='bbox 302 1377 462 1417; x_wconf 86' lang='lat' dir='ltr'>tandam</span> <span class='ocrx_word' id='word_1_143' title='bbox 492 1389 584 1417; x_wconf 88' lang='lat' dir='ltr'>esse</span> <span class='ocrx_word' id='word_1_144' title='bbox 619 1378 784 1429; x_wconf 89' lang='lat' dir='ltr'>probet,</span> <span class='ocrx_word' id='word_1_145' title='bbox 833 1377 907 1417; x_wconf 92' lang='lat' dir='ltr'>sed</span> <span class='ocrx_word' id='word_1_146' title='bbox 940 1378 1282 1428; x_wconf 87' lang='lat' dir='ltr'>Atheniensibus,</span> <span class='ocrx_word' id='word_1_147' title='bbox 1322 1378 1388 1430; x_wconf 90' lang='lat' dir='ltr'>qui</span> <span class='ocrx_word' id='word_1_148' title='bbox 1418 1382 1510 1431; x_wconf 91' lang='lat' dir='ltr'>post</span> <span class='ocrx_word' id='word_1_149' title='bbox 1540 1379 1763 1418; x_wconf 89' lang='lat' dir='ltr'>restitutum</span> 
     </span>
     <span class='ocr_line' id='line_1_18' title="bbox 301 1449 1764 1503; baseline 0.002 -16"><span class='ocrx_word' id='word_1_150' title='bbox 301 1449 532 1502; x_wconf 85' lang='lat' dir='ltr'>popularem</span> <span class='ocrx_word' id='word_1_151' title='bbox 552 1449 611 1488; x_wconf 89' lang='lat' dir='ltr'>rei</span> <span class='ocrx_word' id='word_1_152' title='bbox 630 1449 815 1501; x_wconf 87' lang='lat' dir='ltr'>publicae</span> <span class='ocrx_word' id='word_1_153' title='bbox 837 1454 980 1490; x_wconf 86' lang='lat' dir='ltr'>statum</span> <span class='ocrx_word' id='word_1_154' title='bbox 1013 1451 1238 1501; x_wconf 68' lang='lat' dir='ltr'>metuet-int,</span> <span class='ocrx_word' id='word_1_155' title='bbox 1268 1450 1319 1490; x_wconf 87' lang='lat' dir='ltr'>ne</span> <span class='ocrx_word' id='word_1_156' title='bbox 1350 1449 1645 1503; x_wconf 87' lang='lat' dir='ltr'>oligarchorum</span> <span class='ocrx_word' id='word_1_157' title='bbox 1664 1461 1764 1503; x_wconf 88' lang='lat' dir='ltr'>par-</span> 
     </span>
     <span class='ocr_line' id='line_1_19' title="bbox 300 1509 1762 1576; baseline 0.001 -15"><span class='ocrx_word' id='word_1_158' title='bbox 300 1509 406 1561; x_wconf 82' lang='lat' dir='ltr'>tibus</span> <span class='ocrx_word' id='word_1_159' title='bbox 447 1521 564 1560; x_wconf 91' lang='lat' dir='ltr'>nimis</span> <span class='ocrx_word' id='word_1_160' title='bbox 607 1521 672 1560; x_wconf 92' lang='lat' dir='ltr'>ille</span> <span class='ocrx_word' id='word_1_161' title='bbox 711 1521 889 1573; x_wconf 88' lang='lat' dir='ltr'>faveret,</span> <span class='ocrx_word' id='word_1_162' title='bbox 934 1534 1103 1576; x_wconf 91' lang='lat' dir='ltr'>eumque</span> <span class='ocrx_word' id='word_1_163' title='bbox 1145 1522 1453 1563; x_wconf 87' lang='lat' dir='ltr'>condemnatum</span> <span class='ocrx_word' id='word_1_164' title='bbox 1496 1533 1588 1562; x_wconf 92' lang='lat' dir='ltr'>esse</span> <span class='ocrx_word' id='word_1_165' title='bbox 1627 1522 1762 1562; x_wconf 88' lang='lat' dir='ltr'>verbis</span> 
     </span>
     <span class='ocr_line' id='line_1_20' title="bbox 302 1593 1761 1648; baseline 0.001 -14"><span class='ocrx_word' id='word_1_166' title='bbox 302 1593 462 1647; x_wconf 90' lang='lat' dir='ltr'>quidem</span> <span class='ocrx_word' id='word_1_167' title='bbox 506 1598 546 1635; x_wconf 83' lang='lat' dir='ltr'>ut</span> <span class='ocrx_word' id='word_1_168' title='bbox 587 1593 788 1635; x_wconf 90' lang='lat' dir='ltr'>hominem</span> <span class='ocrx_word' id='word_1_169' title='bbox 829 1596 991 1648; x_wconf 91' lang='lat' dir='ltr'>impium</span> <span class='ocrx_word' id='word_1_170' title='bbox 1030 1597 1294 1648; x_wconf 89' lang='lat' dir='ltr'>iuvenumque</span> <span class='ocrx_word' id='word_1_171' title='bbox 1337 1595 1670 1648; x_wconf 87' lang='lat' dir='ltr'>depravatorem,-</span> <span class='ocrx_word' id='word_1_172' title='bbox 1715 1606 1761 1636; x_wconf 89' lang='lat' dir='ltr'>re</span> 
     </span>
     <span class='ocr_line' id='line_1_21' title="bbox 300 1667 1762 1720; baseline -0.001 -13"><span class='ocrx_word' id='word_1_173' title='bbox 300 1672 432 1707; x_wconf 89' lang='lat' dir='ltr'>autem</span> <span class='ocrx_word' id='word_1_174' title='bbox 462 1671 503 1706; x_wconf 89' lang='lat' dir='ltr'>ut</span> <span class='ocrx_word' id='word_1_175' title='bbox 533 1671 792 1719; x_wconf 84' lang='lat' dir='ltr'>tyrannorum</span> <span class='ocrx_word' id='word_1_176' title='bbox 823 1669 992 1708; x_wconf 87' lang='lat' dir='ltr'>amicum</span> <span class='ocrx_word' id='word_1_177' title='bbox 1023 1672 1064 1708; x_wconf 90' lang='lat' dir='ltr'>et</span> <span class='ocrx_word' id='word_1_178' title='bbox 1095 1667 1240 1707; x_wconf 87' lang='lat' dir='ltr'>Critiae</span> <span class='ocrx_word' id='word_1_179' title='bbox 1268 1668 1523 1720; x_wconf 87' lang='lat' dir='ltr'>magistrum:</span> <span class='ocrx_word' id='word_1_180' title='bbox 1562 1678 1681 1707; x_wconf 92' lang='lat' dir='ltr'>unum</span> <span class='ocrx_word' id='word_1_181' title='bbox 1710 1677 1762 1707; x_wconf 82' lang='lat' dir='ltr'>ex</span> 
     </span>
     <span class='ocr_line' id='line_1_22' title="bbox 302 1739 1761 1794; baseline -0.001 -12"><span class='ocrx_word' id='word_1_182' title='bbox 302 1740 579 1794; x_wconf 81' lang='lat' dir='ltr'>argumentis,</span> <span class='ocrx_word' id='word_1_183' title='bbox 619 1739 762 1793; x_wconf 91' lang='lat' dir='ltr'>quibus</span> <span class='ocrx_word' id='word_1_184' title='bbox 793 1740 896 1781; x_wconf 89' lang='lat' dir='ltr'>hanc</span> <span class='ocrx_word' id='word_1_185' title='bbox 927 1741 1163 1781; x_wconf 87' lang='lat' dir='ltr'>sententiam</span> <span class='ocrx_word' id='word_1_186' title='bbox 1192 1740 1430 1781; x_wconf 87' lang='lat' dir='ltr'>confirmare</span> <span class='ocrx_word' id='word_1_187' title='bbox 1461 1739 1638 1792; x_wconf 83' lang='lat' dir='ltr'>studuit,</span> <span class='ocrx_word' id='word_1_188' title='bbox 1681 1739 1761 1780; x_wconf 90' lang='lat' dir='ltr'>hoc</span> 
     </span>
     <span class='ocr_line' id='line_1_23' title="bbox 302 1812 1761 1864; baseline -0.001 -11"><span class='ocrx_word' id='word_1_189' title='bbox 302 1817 392 1853; x_wconf 88' lang='lat' dir='ltr'>est:</span> <span class='ocrx_word' id='word_1_190' title='bbox 437 1813 535 1851; x_wconf 86' lang='lat' dir='ltr'>Sunt</span> <span class='ocrx_word' id='word_1_191' title='bbox 575 1812 641 1863; x_wconf 86' lang='lat' dir='ltr'>qui</span> <span class='ocrx_word' id='word_1_192' title='bbox 677 1812 990 1864; x_wconf 79' lang='lat' dir='ltr'>‘Aristophanem</span> <span class='ocrx_word' id='word_1_193' title='bbox 1030 1812 1165 1852; x_wconf 89' lang='lat' dir='ltr'>dicant</span> <span class='ocrx_word' id='word_1_194' title='bbox 1202 1825 1224 1852; x_wconf 91' lang='lat' dir='ltr'>a</span> <span class='ocrx_word' id='word_1_195' title='bbox 1254 1812 1399 1852; x_wconf 88' lang='lat' dir='ltr'>Meleto</span> <span class='ocrx_word' id='word_1_196' title='bbox 1429 1813 1643 1864; x_wconf 83' lang='lat' dir='ltr'>Anytoque</span> <span class='ocrx_word' id='word_1_197' title='bbox 1686 1823 1761 1852; x_wconf 91' lang='lat' dir='ltr'>so-</span> 
     </span>
     <span class='ocr_line' id='line_1_24' title="bbox 299 1883 1759 1939; baseline -0.001 -14"><span class='ocrx_word' id='word_1_198' title='bbox 299 1885 518 1939; x_wconf 90' lang='lat' dir='ltr'>phistarum</span> <span class='ocrx_word' id='word_1_199' title='bbox 568 1883 707 1923; x_wconf 89' lang='lat' dir='ltr'>amicis</span> <span class='ocrx_word' id='word_1_200' title='bbox 752 1884 919 1936; x_wconf 86' lang='lat' dir='ltr'>pecunia</span> <span class='ocrx_word' id='word_1_201' title='bbox 969 1889 1197 1937; x_wconf 87' lang='lat' dir='ltr'>corruptum</span> <span class='ocrx_word' id='word_1_202' title='bbox 1242 1884 1282 1924; x_wconf 94' lang='lat' dir='ltr'>in</span> <span class='ocrx_word' id='word_1_203' title='bbox 1327 1884 1506 1925; x_wconf 87' lang='lat' dir='ltr'>Nubibus</span> <span class='ocrx_word' id='word_1_204' title='bbox 1551 1884 1759 1926; x_wconf 86' lang='lat' dir='ltr'>Socratem</span> 
     </span>
     <span class='ocr_line' id='line_1_25' title="bbox 299 1950 1759 2008; baseline -0.001 -10"><span class='ocrx_word' id='word_1_205' title='bbox 299 1963 342 1998; x_wconf 90' lang='lat' dir='ltr'>ut</span> <span class='ocrx_word' id='word_1_206' title='bbox 389 1957 592 1997; x_wconf 89' lang='lat' dir='ltr'>hominem</span> <span class='ocrx_word' id='word_1_207' title='bbox 635 1957 784 1996; x_wconf 89' lang='lat' dir='ltr'>civitati</span> <span class='ocrx_word' id='word_1_208' title='bbox 815 1950 1222 2008; x_wconf 73' lang='lat' dir='ltr'>perniciosissimum</span> <span class='ocrx_word' id='word_1_209' title='bbox 1250 1958 1290 1997; x_wconf 91' lang='lat' dir='ltr'>in</span> <span class='ocrx_word' id='word_1_210' title='bbox 1333 1968 1496 1997; x_wconf 88' lang='lat' dir='ltr'>scenam</span> <span class='ocrx_word' id='word_1_211' title='bbox 1540 1957 1759 2008; x_wconf 90' lang='lat' dir='ltr'>induxisse,</span> 
     </span>
     <span class='ocr_line' id='line_1_26' title="bbox 297 2028 1756 2083; baseline -0.001 -13"><span class='ocrx_word' id='word_1_212' title='bbox 297 2041 377 2083; x_wconf 89' lang='lat' dir='ltr'>quo</span> <span class='ocrx_word' id='word_1_213' title='bbox 409 2030 584 2069; x_wconf 90' lang='lat' dir='ltr'>omnium</span> <span class='ocrx_word' id='word_1_214' title='bbox 622 2028 727 2069; x_wconf 87' lang='lat' dir='ltr'>odiis</span> <span class='ocrx_word' id='word_1_215' title='bbox 768 2030 1046 2070; x_wconf 86' lang='lat' dir='ltr'>subiicerctur.</span> <span class='ocrx_word' id='word_1_216' title='bbox 1107 2030 1233 2078; x_wconf 84' lang='lat' dir='ltr'>Quam</span> <span class='ocrx_word' id='word_1_217' title='bbox 1277 2030 1514 2070; x_wconf 86' lang='lat' dir='ltr'>sententiam</span> <span class='ocrx_word' id='word_1_218' title='bbox 1546 2029 1644 2070; x_wconf 87' lang='lat' dir='ltr'>ferri</span> <span class='ocrx_word' id='word_1_219' title='bbox 1674 2041 1756 2070; x_wconf 89' lang='lat' dir='ltr'>non</span> 
     </span>
     <span class='ocr_line' id='line_1_27' title="bbox 296 2099 1758 2154; baseline 0 -12"><span class='ocrx_word' id='word_1_220' title='bbox 296 2113 421 2154; x_wconf 88' lang='lat' dir='ltr'>posse</span> <span class='ocrx_word' id='word_1_221' title='bbox 454 2101 571 2141; x_wconf 84' lang='lat' dir='ltr'>facile</span> <span class='ocrx_word' id='word_1_222' title='bbox 603 2106 778 2153; x_wconf 89' lang='lat' dir='ltr'>apparet.</span> <span class='ocrx_word' id='word_1_223' title='bbox 836 2101 1003 2141; x_wconf 88' lang='lat' dir='ltr'>Meletus</span> <span class='ocrx_word' id='word_1_224' title='bbox 1034 2102 1139 2141; x_wconf 91' lang='lat' dir='ltr'>enim</span> <span class='ocrx_word' id='word_1_225' title='bbox 1169 2103 1285 2141; x_wconf 91' lang='lat' dir='ltr'>annis</span> <span class='ocrx_word' id='word_1_226' title='bbox 1314 2099 1409 2142; x_wconf 78' lang='lat'><strong>424.</strong></span> <span class='ocrx_word' id='word_1_227' title='bbox 1441 2106 1481 2141; x_wconf 86' lang='lat' dir='ltr'>et</span> <span class='ocrx_word' id='word_1_228' title='bbox 1507 2099 1589 2142; x_wconf 77' lang='lat'>423</span> <span class='ocrx_word' id='word_1_229' title='bbox 1612 2131 1624 2153; x_wconf 90' lang='lat'>‚</span> <span class='ocrx_word' id='word_1_230' title='bbox 1668 2113 1758 2143; x_wconf 91' lang='lat' dir='ltr'>cum</span> 
     </span>
     <span class='ocr_line' id='line_1_28' title="bbox 300 2173 1760 2229; baseline 0.001 -16"><span class='ocrx_word' id='word_1_231' title='bbox 300 2174 436 2214; x_wconf 84' lang='lat' dir='ltr'>Nubes</span> <span class='ocrx_word' id='word_1_232' title='bbox 477 2173 723 2224; x_wconf 84' lang='lat' dir='ltr'>docebatur,</span> <span class='ocrx_word' id='word_1_233' title='bbox 763 2184 864 2226; x_wconf 90' lang='lat' dir='ltr'>puer</span> <span class='ocrx_word' id='word_1_234' title='bbox 895 2178 994 2214; x_wconf 88' lang='lat' dir='ltr'>erat.</span> <span class='ocrx_word' id='word_1_235' title='bbox 1051 2173 1206 2227; x_wconf 81' lang='lat' dir='ltr'>Anytus</span> <span class='ocrx_word' id='word_1_236' title='bbox 1240 2185 1360 2224; x_wconf 81' lang='lat' dir='ltr'>vero,</span> <span class='ocrx_word' id='word_1_237' title='bbox 1397 2185 1515 2227; x_wconf 90' lang='lat' dir='ltr'>quum</span> <span class='ocrx_word' id='word_1_238' title='bbox 1558 2173 1760 2229; x_wconf 88' lang='lat' dir='ltr'>dialogum</span> 
     </span>
     <span class='ocr_line' id='line_1_29' title="bbox 305 2236 1760 2299; baseline 0.001 -13"><span class='ocrx_word' id='word_1_239' title='bbox 305 2247 489 2286; x_wconf 88' lang='lat' dir='ltr'>Menonis</span> <span class='ocrx_word' id='word_1_240' title='bbox 535 2246 698 2285; x_wconf 91' lang='lat' dir='ltr'>nomine</span> <span class='ocrx_word' id='word_1_241' title='bbox 741 2246 973 2298; x_wconf 88' lang='lat' dir='ltr'>inscriptum</span> <span class='ocrx_word' id='word_1_242' title='bbox 1014 2258 1100 2286; x_wconf 92' lang='lat' dir='ltr'>cum</span> <span class='ocrx_word' id='word_1_243' title='bbox 1144 2246 1312 2287; x_wconf 90' lang='lat' dir='ltr'>Socrate</span> <span class='ocrx_word' id='word_1_244' title='bbox 1356 2246 1558 2299; x_wconf 87' lang='lat' dir='ltr'>habebat,</span> <span class='ocrx_word' id='word_1_245' title='bbox 1609 2236 1760 2289; x_wconf 89' lang='lat' dir='ltr'>amicus</span> 
     </span>
     <span class='ocr_line' id='line_1_30' title="bbox 310 2317 1763 2371; baseline 0.001 -12"><span class='ocrx_word' id='word_1_246' title='bbox 310 2323 395 2359; x_wconf 89' lang='lat' dir='ltr'>erat</span> <span class='ocrx_word' id='word_1_247' title='bbox 423 2319 629 2369; x_wconf 82' lang='lat' dir='ltr'>SocratiS,</span> <span class='ocrx_word' id='word_1_248' title='bbox 671 2317 939 2371; x_wconf 86' lang='lat' dir='ltr'>sophistarum</span> <span class='ocrx_word' id='word_1_249' title='bbox 970 2330 1068 2359; x_wconf 90' lang='lat' dir='ltr'>vero</span> <span class='ocrx_word' id='word_1_250' title='bbox 1096 2319 1280 2359; x_wconf 92' lang='lat' dir='ltr'>inimicus</span> <span class='ocrx_word' id='word_1_251' title='bbox 1311 2319 1606 2360; x_wconf 81' lang='lat' dir='ltr'>infestissimus.</span> <span class='ocrx_word' id='word_1_252' title='bbox 1666 2319 1763 2360; x_wconf 93' lang='lat' dir='ltr'>Col-</span> 
     </span>
     <span class='ocr_line' id='line_1_31' title="bbox 309 2379 1763 2446; baseline 0.002 -16"><span class='ocrx_word' id='word_1_253' title='bbox 309 2393 472 2443; x_wconf 88' lang='lat' dir='ltr'>oquium</span> <span class='ocrx_word' id='word_1_254' title='bbox 506 2390 601 2431; x_wconf 90' lang='lat' dir='ltr'>illud</span> <span class='ocrx_word' id='word_1_255' title='bbox 637 2389 842 2442; x_wconf 86' lang='lat' dir='ltr'>aliquanto</span> <span class='ocrx_word' id='word_1_256' title='bbox 870 2395 958 2442; x_wconf 90' lang='lat' dir='ltr'>post</span> <span class='ocrx_word' id='word_1_257' title='bbox 985 2391 1229 2444; x_wconf 80' lang='lat' dir='ltr'>Protagorae</span> <span class='ocrx_word' id='word_1_258' title='bbox 1259 2396 1425 2430; x_wconf 89' lang='lat' dir='ltr'>mortem</span> <span class='ocrx_word' id='word_1_259' title='bbox 1466 2390 1612 2432; x_wconf 83' lang='lat' dir='ltr'>factum</span> <span class='ocrx_word' id='word_1_260' title='bbox 1640 2379 1763 2446; x_wconf 84' lang='lat' dir='ltr'>fingi·-</span> 
     </span>
     <span class='ocr_line' id='line_1_32' title="bbox 306 2461 1765 2519; baseline 0.002 -15"><span class='ocrx_word' id='word_1_261' title='bbox 306 2468 381 2504; x_wconf 83' lang='lat' dir='ltr'>tur.</span> <span class='ocrx_word' id='word_1_262' title='bbox 440 2463 682 2517; x_wconf 88' lang='lat' dir='ltr'>Protagoras</span> <span class='ocrx_word' id='word_1_263' title='bbox 710 2474 807 2503; x_wconf 87' lang='lat' dir='ltr'>vero</span> <span class='ocrx_word' id='word_1_264' title='bbox 836 2474 911 2513; x_wconf 88' lang='lat' dir='ltr'>„au</span> <span class='ocrx_word' id='word_1_265' title='bbox 940 2463 1086 2516; x_wconf 80' lang='lat' dir='ltr'>plutot“</span> <span class='ocrx_word' id='word_1_266' title='bbox 1115 2475 1222 2505; x_wconf 87' lang='lat' dir='ltr'>anno</span> <span class='ocrx_word' id='word_1_267' title='bbox 1251 2467 1428 2504; x_wconf 88' lang='lat' dir='ltr'>mortuus</span> <span class='ocrx_word' id='word_1_268' title='bbox 1460 2468 1523 2505; x_wconf 91' lang='lat' dir='ltr'>est</span> <span class='ocrx_word' id='word_1_269' title='bbox 1551 2461 1647 2517; x_wconf 86' lang='lat'>410,</span> <span class='ocrx_word' id='word_1_270' title='bbox 1674 2469 1765 2519; x_wconf 91' lang='lat' dir='ltr'>post</span> 
     </span>
     <span class='ocr_line' id='line_1_33' title="bbox 305 2535 1764 2590; baseline 0.003 -15"><span class='ocrx_word' id='word_1_271' title='bbox 305 2536 442 2575; x_wconf 78' lang='lat' dir='ltr'>Nubes</span> <span class='ocrx_word' id='word_1_272' title='bbox 473 2539 600 2575; x_wconf 88' lang='lat' dir='ltr'>actam</span> <span class='ocrx_word' id='word_1_273' title='bbox 623 2536 811 2575; x_wconf 78' lang='lat' dir='ltr'>mIninum</span> <span class='ocrx_word' id='word_1_274' title='bbox 845 2536 964 2575; x_wconf 87' lang='lat' dir='ltr'>tertio</span> <span class='ocrx_word' id='word_1_275' title='bbox 997 2536 1155 2575; x_wconf 90' lang='lat' dir='ltr'>decimo</span> <span class='ocrx_word' id='word_1_276' title='bbox 1183 2535 1250 2575; x_wconf 90' lang='lat' dir='ltr'>vel</span> <span class='ocrx_word' id='word_1_277' title='bbox 1281 2540 1423 2588; x_wconf 88' lang='lat' dir='ltr'>quarto</span> <span class='ocrx_word' id='word_1_278' title='bbox 1454 2536 1625 2578; x_wconf 89' lang='lat' dir='ltr'>decimo.</span> <span class='ocrx_word' id='word_1_279' title='bbox 1684 2538 1764 2590; x_wconf 88' lang='lat' dir='ltr'>„Ce</span> 
     </span>
     <span class='ocr_line' id='line_1_34' title="bbox 306 2608 1765 2663; baseline 0.001 -14"><span class='ocrx_word' id='word_1_280' title='bbox 306 2609 375 2662; x_wconf 85' lang='lat' dir='ltr'>qui</span> <span class='ocrx_word' id='word_1_281' title='bbox 406 2611 587 2657; x_wconf 91' lang='lat' dir='ltr'>montre,</span> <span class='ocrx_word' id='word_1_282' title='bbox 630 2619 706 2659; x_wconf 89' lang='lat' dir='ltr'>que</span> <span class='ocrx_word' id='word_1_283' title='bbox 736 2608 773 2659; x_wconf 81' lang='lat' dir='ltr'>la</span> <span class='ocrx_word' id='word_1_284' title='bbox 805 2609 1091 2649; x_wconf 87' lang='lat' dir='ltr'>conversation</span> <span class='ocrx_word' id='word_1_285' title='bbox 1122 2612 1184 2648; x_wconf 92' lang='lat' dir='ltr'>est</span> <span class='ocrx_word' id='word_1_286' title='bbox 1209 2608 1459 2660; x_wconf 81' lang='lat' dir='ltr'>posterieure</span> <span class='ocrx_word' id='word_1_287' title='bbox 1491 2608 1541 2650; x_wconf 89' lang='lat' dir='ltr'>de</span> <span class='ocrx_word' id='word_1_288' title='bbox 1572 2615 1765 2663; x_wconf 88' lang='lat' dir='ltr'>quatorze</span> 
     </span>
     <span class='ocr_line' id='line_1_35' title="bbox 305 2678 1765 2735; baseline -0.001 -12"><span class='ocrx_word' id='word_1_289' title='bbox 305 2693 379 2723; x_wconf 89' lang='lat' dir='ltr'>ans</span> <span class='ocrx_word' id='word_1_290' title='bbox 411 2691 467 2720; x_wconf 83' lang='lat' dir='ltr'>au</span> <span class='ocrx_word' id='word_1_291' title='bbox 496 2678 625 2718; x_wconf 76' lang='lat' dir='ltr'>moins</span> <span class='ocrx_word' id='word_1_292' title='bbox 657 2681 680 2719; x_wconf 82' lang='lat' dir='ltr'>a</span> <span class='ocrx_word' id='word_1_293' title='bbox 708 2680 746 2721; x_wconf 89' lang='lat' dir='ltr'>la</span> <span class='ocrx_word' id='word_1_294' title='bbox 774 2681 959 2721; x_wconf 77' lang='lat' dir='ltr'>comedie</span> <span class='ocrx_word' id='word_1_295' title='bbox 1001 2680 1073 2721; x_wconf 92' lang='lat' dir='ltr'>des</span> <span class='ocrx_word' id='word_1_296' title='bbox 1099 2680 1233 2721; x_wconf 82' lang='lat' dir='ltr'>Nuees</span> <span class='ocrx_word' id='word_1_297' title='bbox 1263 2680 1586 2735; x_wconf 79' lang='lat' dir='ltr'>d’Aristophane‚</span> <span class='ocrx_word' id='word_1_298' title='bbox 1617 2687 1657 2722; x_wconf 89' lang='lat' dir='ltr'>et</span> <span class='ocrx_word' id='word_1_299' title='bbox 1687 2683 1765 2722; x_wconf 84' lang='lat' dir='ltr'>de-</span> 
     </span>
     <span class='ocr_line' id='line_1_36' title="bbox 304 2751 1768 2808; baseline -0.001 -12"><span class='ocrx_word' id='word_1_300' title='bbox 304 2756 400 2796; x_wconf 87' lang='lat' dir='ltr'>truit</span> <span class='ocrx_word' id='word_1_301' title='bbox 432 2751 686 2793; x_wconf 84' lang='lat' dir='ltr'>absolument</span> <span class='ocrx_word' id='word_1_302' title='bbox 713 2753 750 2793; x_wconf 92' lang='lat' dir='ltr'>le</span> <span class='ocrx_word' id='word_1_303' title='bbox 769 2754 944 2806; x_wconf 76' lang='lat' dir='ltr'>systeme</span> <span class='ocrx_word' id='word_1_304' title='bbox 968 2753 1123 2794; x_wconf 84' lang='lat' dir='ltr'>d&#39;Elien</span> <span class='ocrx_word' id='word_1_305' title='bbox 1152 2757 1192 2793; x_wconf 93' lang='lat' dir='ltr'>et</span> <span class='ocrx_word' id='word_1_306' title='bbox 1211 2753 1313 2795; x_wconf 87' lang='lat' dir='ltr'>celui</span> <span class='ocrx_word' id='word_1_307' title='bbox 1343 2754 1392 2795; x_wconf 91' lang='lat' dir='ltr'>de</span> <span class='ocrx_word' id='word_1_308' title='bbox 1408 2753 1768 2808; x_wconf 74' lang='lat' dir='ltr'>DiogeneLaerce,</span> 
     </span>
     <span class='ocr_line' id='line_1_37' title="bbox 303 2824 1768 2880; baseline 0 -13"><span class='ocrx_word' id='word_1_309' title='bbox 303 2828 472 2880; x_wconf 84' lang='lat' dir='ltr'>puisque</span> <span class='ocrx_word' id='word_1_310' title='bbox 507 2824 780 2876; x_wconf 89' lang='lat' dir='ltr'>long-temps</span> <span class='ocrx_word' id='word_1_311' title='bbox 812 2826 934 2876; x_wconf 75' lang='lat' dir='ltr'>apres</span> <span class='ocrx_word' id='word_1_312' title='bbox 960 2830 1064 2865; x_wconf 86' lang='lat' dir='ltr'>cette</span> <span class='ocrx_word' id='word_1_313' title='bbox 1096 2826 1281 2866; x_wconf 80' lang='lat' dir='ltr'>comedie</span> <span class='ocrx_word' id='word_1_314' title='bbox 1310 2828 1465 2879; x_wconf 89' lang='lat' dir='ltr'>Anytus</span> <span class='ocrx_word' id='word_1_315' title='bbox 1497 2827 1593 2866; x_wconf 83' lang='lat' dir='ltr'>etait</span> <span class='ocrx_word' id='word_1_316' title='bbox 1619 2838 1768 2868; x_wconf 88' lang='lat' dir='ltr'>encore</span> 
     </span>
     <span class='ocr_line' id='line_1_38' title="bbox 301 2898 1771 2952; baseline 0.001 -11"><span class='ocrx_word' id='word_1_317' title='bbox 301 2914 352 2941; x_wconf 84' lang='lat' dir='ltr'>en</span> <span class='ocrx_word' id='word_1_318' title='bbox 400 2901 536 2941; x_wconf 87' lang='lat' dir='ltr'>bonne</span> <span class='ocrx_word' id='word_1_319' title='bbox 593 2898 849 2952; x_wconf 81' lang='lat' dir='ltr'>intelligence</span> <span class='ocrx_word' id='word_1_320' title='bbox 894 2911 992 2939; x_wconf 85' lang='lat' dir='ltr'>avec</span> <span class='ocrx_word' id='word_1_321' title='bbox 1044 2900 1259 2942; x_wconf 78' lang='lat' dir='ltr'>Socrate.“</span> <span class='ocrx_word' id='word_1_322' title='bbox 1353 2898 1504 2948; x_wconf 85' lang='lat' dir='ltr'>Quibus</span> <span class='ocrx_word' id='word_1_323' title='bbox 1552 2912 1603 2939; x_wconf 86' lang='lat' dir='ltr'>ex</span> <span class='ocrx_word' id='word_1_324' title='bbox 1649 2901 1771 2942; x_wconf 84' lang='lat' dir='ltr'>rebus</span> 
     </span>
    </p>
   </div>
  </div>
 </body>
</html>
