1871 3204
753 143 1118 185 ·——1tt-«

208 267 358 320 unitate
384 252 686 320 temperaretur,
717 268 826 326 ξυνῷ
856 265 979 325 λόγῳ,
1011 277 1088 320 quo
1105 264 1329 307 Heraclitus
1348 262 1504 305 Socrati
1535 261 1664 314 aliqua

208 352 261 380 ex
288 345 401 393 parte
432 342 537 381 viain
565 342 746 395 praeivit.
802 341 887 381 Hac
920 342 1004 394 ipsa
1036 351 1136 381 vero
1167 340 1217 380 de
1246 350 1367 380 causa
1414 337 1561 378 sactum
1592 339 1667 385 est,

209 417 253 454 ut
280 424 393 454 mens
412 443 425 464 ,
465 412 688 480 quanm
729 418 868 454 contra
901 425 968 454 res
997 413 1194 463 surrexit,
1243 416 1376 453 tamen
1407 414 1532 451 totam
1567 419 1614 448 se
1643 418 1666 446 a

211 485 333 526 rebus
363 485 534 526 liberam>
561 480 769 526 vinffieare
813 485 989 534 nondum
1031 489 1180 537 posset.
1237 484 1336 525 Nam
1379 487 1421 523 ut
1461 481 1560 523 nihil
1588 484 1667 531 est,

212 557 291 599 nisi
323 557 429 611 quod
472 556 658 599 sensibus
700 556 966 609 percipiatur,
1006 557 1058 596 ita
1100 550 1294 608 cogitatio
1324 566 1454 595 rerum
1488 552 1668 594 sensibi-

213 630 304 669 lium
333 630 474 670 finibus
504 633 566 669 est
596 627 909 679 circumscripta.
966 627 1108 667 Mentis
1146 626 1311 668 libertas
1338 638 1438 680 ergo
1480 624 1668 679 singulo-

210 712 296 744 rum
325 698 688 746 hominum÷variis
726 709 775 740 ac
816 696 1069 740 mutabilibus
1101 697 1326 739 continetur
1368 697 1664 746 affectionibus,

208 784 292 811 non
329 775 507 811 notionis
548 773 762 809 universae
794 774 1093 811 constitutione.
1150 773 1245 811 Erat
1277 778 1408 811 autem
1448 774 1666 822 praecipua

213 842 479 886 aberrationis
497 852 618 883 causa
641 840 679 883 in
701 839 905 896 sophistae
920 841 1117 884 sententia
1136 839 1186 883 de
1201 839 1477 897 cognoscendi
1495 840 1667 894 origine,

207 915 446 966 car-quidem
491 926 579 953 cum
609 916 797 965 primario
828 916 879 954 de
908 917 1102 954 universo
1144 916 1252 955 fluxu
1279 917 1425 966 placito
1456 920 1537 953 tum
1566 927 1666 964 per-

211 996 332 1029 verso
364 984 433 1029 illo
460 985 555 1029 nixa
581 985 796 1042 principio,
825 996 903 1042 quo
930 997 1074 1029 rerum!
1092 984 1278 1028 sensibus
1318 982 1667 1040 percipiendarum

207 1070 287 1099 una
318 1060 502 1098 statuitur
530 1060 719 1108 essentia,
750 1071 1019 1110 sensuumque
1047 1060 1284 1098 affectiones
1302 1063 1502 1109 ponuntur
1519 1059 1667 1109 cogni-
1694 1100 1697 1104 ⁵
1774 1091 1778 1095 .

206 1130 327 1173 tionis
357 1128 625 1173 fundamenta.
684 1129 796 1180 Quae
834 1129 992 1185 quidem
1022 1129 1126 1171 ratio
1160 1139 1241 1170 non
1282 1126 1549 1182 sophistarum
1579 1131 1668 1169 erat

208 1203 368 1254 propria
399 1206 440 1241 et
469 1203 712 1256 singularis,
749 1202 822 1241 sed
860 1206 1087 1241 ceterorum
1121 1203 1207 1241 sere
1239 1203 1303 1253 qui
1333 1207 1426 1241 ante
1458 1203 1664 1241 Socratem

172 1294 177 1301 -
213 1274 399 1316 vixerunt
429 1273 778 1328 philosophorum:
809 1276 853 1314 ut
882 1272 1004 1313 etiam
1038 1271 1131 1313 illae
1163 1271 1395 1324 doctrinae,
1423 1283 1525 1325 quae
1560 1284 1667 1313 con-

211 1347 335 1387 trario
383 1350 589 1387 uterentur
638 1346 897 1385 fundamento
918 1378 930 1399 ‚
983 1356 1129 1386 novam
1178 1346 1373 1385 rationem
1420 1358 1531 1386 suam
1583 1357 1665 1386 non

206 1429 257 1460 eo
285 1430 375 1459 cum
406 1428 601 1460 successu
627 1416 806 1459 stabilire
833 1421 1024 1470 possent,
1051 1420 1094 1458 ut
1122 1416 1247 1458 altera
1275 1417 1341 1458 illa
1373 1417 1663 1459 obsolesceret,

206 1492 396 1541 Quamvis
422 1491 544 1545 igitur
573 1490 749 1544 Gorgiae
779 1493 820 1531 ct
849 1490 1095 1544 Protagorae
1134 1490 1277 1544 placita
1317 1491 1422 1532 nulla
1463 1503 1515 1532 ex
1550 1496 1664 1545 parte

203 1564 385 1619 perfecta
423 1563 597 1620 fuerint,
639 1562 719 1604 hoc
761 1567 873 1603 certe
912 1563 1117 1617 sophistae
1148 1563 1391 1617 effecerunt,
1433 1569 1476 1605 ut
1504 1576 1552 1605 ea
1582 1565 1664 1617 via,

209 1650 285 1691 qua
314 1649 441 1691 usque
469 1638 520 1678 ad
549 1637 644 1678 illud
672 1641 825 1690 tempus
844 1636 1081 1690 ,philosophi
1110 1638 1172 1678 usi
1207 1642 1357 1688 essent,
1386 1650 1521 1678 verum
1543 1639 1664 1678 inve-

202 1712 277 1751 niri
308 1722 389 1750 non
417 1722 539 1763 posse
564 1709 844 1750 ostenderent.
903 1709 1019 1758 Quod
1049 1714 1092 1751 ut
1118 1714 1468 1764 persequerentur,
1496 1712 1664 1751 rationi-

203 1783 277 1824 bus
316 1783 391 1824 illis
419 1782 631 1822 utebantur
659 1783 900 1834 contrariis,
939 1782 1081 1835 quibus
1111 1787 1204 1824 ante
1235 1784 1443 1825 Socratem
1475 1784 1662 1824 universa

206 1855 294 1895 fere
327 1855 570 1896 Graecorum
610 1853 861 1906 philosophia
904 1855 1226 1906 contineretur„
1249 1855 1544 1906 Eleaticorum,
1595 1856 1663 1907 qui

205 1928 284 1968 τοῦ
308 1919 424 1976 ὄντος
461 1937 597 1966 veram
639 1925 819 1966 dicerent
857 1926 1098 1978 essentiam,
1140 1931 1180 1966 et
1208 1926 1551 1977 Heracliteorum,
1595 1928 1663 1980 qui

205 1999 339 2039 omnia
368 1999 531 2039 «moveri
573 2009 623 2038 ac
664 1998 806 2038 mutari
848 2001 1067 2039 statuentes
1106 1998 1232 2050 ipsum
1271 2010 1364 2039 esse
1400 1999 1658 2042 sustulerunt.

201 2072 466 2125 Utrorumque
496 2070 693 2113 sententia
712 2083 763 2112 eo
778 2070 999 2125 laborabat,
1030 2070 1138 2125 quod
1153 2083 1273 2112 unam
1289 2074 1438 2113 tantum
1456 2083 1545 2113 cum
1562 2073 1655 2113 uni..

200 2156 347 2186 versae
389 2132 555 2185 naturae
596 2148 677 2185 tum
722 2145 999 2198 cognoscendi
1030 2149 1181 2198 partem
1226 2149 1492 2198 respexerunt
1533 2145 1660 2187 altera

202 2227 367 2270 prorsus
397 2216 595 2271 neglecta.
654 2215 742 2265 Quo
772 2215 919 2257 sactum
962 2221 1024 2257 est
1063 2221 1105 2257 ut
1146 2221 1314 2270 utraque
1350 2216 1662 2271 philosophandi

200 2291 329 2342 ratio,
356 2291 467 2355 exitii
497 2301 655 2331 causam
683 2289 796 2341 quasi
825 2289 1000 2330 innatam
1045 2290 1121 2331 sibi
1150 2290 1328 2341 habens,
1358 2290 1408 2331 ab
1438 2291 1562 2343 ipsius
1590 2303 1662 2332 se-

196 2367 400 2405 ctatorum
428 2376 508 2405 uno
540 2362 826 2404 dissolveretur
846 2393 857 2414 ,
902 2363 969 2416 qui
997 2364 1036 2403 in
1065 2375 1134 2404 sua
1164 2364 1322 2404 ratione
1358 2365 1566 2406 tractanda
1596 2367 1662 2405 ni-

199 2435 302 2476 mius
342 2442 477 2480 esset:
522 2439 562 2477 in
602 2434 836 2476 Heracliteis
870 2435 1138 2490 Protagoras,
1180 2437 1220 2477 in
1249 2436 1441 2478 Eleaticis
1475 2437 1658 2492 Gorgias.

198 2507 394 2560 Sophistis
426 2509 547 2562 igitur
575 2509 655 2550 hoc
683 2519 779 2549 sane
807 2507 1112 2549 concedendum
1146 2513 1236 2560 est,
1277 2510 1385 2563 quod
1426 2510 1659 2551 subiectivi-

200 2581 293 2621 tutis
331 2581 442 2634 quod
479 2593 585 2623 nunc
623 2581 757 2622 dicunt
796 2580 1023 2633 principio,
1064 2593 1288 2635 quanquam
1331 2584 1488 2623 ratione
1529 2583 1658 2622 minus

203 2665 301 2696 vera
329 2658 514 2706 tractato,
545 2656 776 2697 Socraticae
802 2652 1078 2707 philosophiae
1108 2656 1214 2696 viam
1244 2657 1469 2697 munierint.

313 2726 430 2775 Quod
458 2738 557 2768 vere
570 2727 816 2782 Protagorae
845 2726 895 2767 de
926 2726 1014 2767 deis
1044 2727 1228 2781 placitum
1260 2730 1409 2779 attinet,
1438 2728 1659 2767 Philostra-

198 2801 262 2839 tus
302 2800 507 2853 sophistae
550 2800 601 2841 de
643 2800 796 2842 illorum
838 2800 1014 2841 essentia
1056 2801 1342 2843 dubitationem
1382 2812 1405 2840 e
1446 2811 1655 2853 magorum

197 2867 405 2914 Persarum
449 2872 657 2927 disciplina
702 2871 979 2915 duducendam
1018 2885 1110 2915 esse
1150 2878 1259 2928 putat
1300 2874 1378 2914 vita
1407 2872 1655 2927 Protagorae
